1858 3020
494 185 903 243 PHIIIIPPICA
934 186 1036 235 111.
1067 187 1196 235 CAP.
1222 189 1280 237 53.
1466 188 1567 243 242

212 313 442 368 neficium
476 315 686 378 populus
725 317 970 364 Romanus
1002 323 1049 362 et
1074 314 1214 362 habet
1240 324 1288 362 et
1311 322 1559 379 exspectat,

215 393 367 442 quam
387 381 583 439 maJores
595 380 739 427 nostri
758 388 1029 442 acceperunt
1049 395 1078 425 a
1098 379 1158 425 L.
1169 380 1334 435 Bruto,
1359 380 1565 444 principe

213 442 363 503 hujus
382 444 588 491 maxime
608 444 906 492 conservandi
920 444 1099 506 generis
1121 451 1167 489 et
1184 444 1399 490 nominis.
1556 482 1559 489 .

262 507 350 554 ..V
385 507 510 554 Cum
543 517 700 557 autem
729 509 880 556 omnis
909 508 1103 555 servitus
1132 516 1199 554 est
1226 507 1421 563 miserm
1457 516 1560 559 tum

212 586 327 619 vero
354 571 639 619 intolerabile
668 580 738 620 est
762 572 926 620 servire
955 572 1152 634 impuro,
1181 571 1429 633 impudico,
1453 572 1561 619 effe-

212 635 411 694 minato,
433 650 697 709 nunquam,
712 651 771 682 ne
786 637 836 682 in
850 645 978 683 metu
998 635 1205 699 quidem,
1220 635 1385 682 sobrio.
1408 635 1560 688 Hunc

213 698 360 760 igitur
394 700 479 761 qui
501 699 658 747 Gallia
684 700 911 762 prohibet,
942 701 1118 761 privato
1138 699 1391 763 praesertim
1412 699 1563 747 consi-
1608 756 1613 761 ⁵

212 762 295 820 lio,
314 763 509 822 judicat,
532 764 854 827 verissimeque
862 764 1054 824 judicat,
1077 779 1170 811 non
1194 779 1287 810 3333
1308 763 1559 811 consu-lem.

216 826 506 876 Faciendum
526 836 595 875 est
614 828 772 890 igitur,
794 839 945 891 patres
965 828 1222 890 conscripti,
1245 828 1394 885 nobis,
1416 836 1472 874 ut
1488 827 1554 879 D
1607 878 1612 895 ι

217 891 359 938 Bruti
387 889 621 954 privatum
650 892 893 940 consilium
923 893 1188 940 auctoritate
1216 892 1404 955 publica
1433 907 1561 938 com-

250 956 481 1002 robemus.
514 957 576 1003 ,Ν
578 972 629 1003 30
661 972 768 1004 vero
798 956 876 1003 M.
898 956 1164 1003 Antonium
1180 957 1426 1003 consulem
1452 964 1563 1018 post

263 1019 495 1081 upercalia
505 1028 680 1083 putare
709 1020 943 1067 debuistis.
979 1020 1089 1078 Quo
1117 1019 1240 1067 enim
1261 1019 1453 1077 inedie,
1476 1034 1561 1081 po·

217 1083 327 1144 pulo
362 1083 581 1131 Romano
613 1085 912 1146 inspectante,
949 1084 1119 1140 nudus,
1162 1091 1346 1141 unctus,
1384 1084 1563 1142 ebrius,

218 1148 508 1195 concionatus
530 1157 614 1206 est,
637 1158 683 1195 et
702 1149 752 1195 iu
831 1148 882 1206 't‚
905 1156 960 1195 ut
980 1148 1165 1210 collegas
1181 1148 1392 1195 diadema
1406 1147 1559 1210 impu,

213 1220 372 1268 neret,
408 1225 463 1259 30
484 1212 575 1270 die,
597 1227 762 1259 nonm
822 1228 851 1259 o
876 1213 1133 1286 consulatu,
1157 1210 1236 1259 sed
1257 1211 1396 1258 etiam
1417 1212 1557 1259 liber-

215 1283 320 1332 tate,
339 1292 390 1323 se
412 1276 670 1324 abdicavit.
706 1284 823 1324 esset
843 1277 969 1324 enim
990 1276 1079 1338 ipsi
1100 1284 1218 1323 certe
1239 1274 1394 1325 statim
1415 1276 1559 1323 servi-

215 1338 404 1397 endum,
424 1340 465 1386 si
486 1340 641 1388 Caesar
660 1343 720 1388 ab
741 1357 796 1388 eo
816 1340 947 1402 regni
967 1340 1145 1402 insigne
1166 1340 1366 1402 accipere
1384 1340 1563 1389 voluis*

213 1411 290 1450 set.
308 1404 480 1451 Hunc
467 1407 610 1466 igitur
618 1420 701 1467 ego
713 1405 965 1463 consulem,
974 1404 1099 1451 hunc
1111 1404 1254 1452 civem
1266 1405 1555 1480 Romanurn¹

212 1466 335 1517 hunc
355 1468 574 1528 liberum,
597 1470 721 1517 hunc
748 1469 948 1533 denique
973 1468 1227 1527 hominem,
1248 1477 1431 1532 putem,
1450 1470 1550 1534 qui,

141 1551 144 1556 ’
213 1532 330 1580 foedo
351 1533 436 1579 illo
456 1543 502 1580 et
524 1534 747 1596 flagitioso
766 1535 859 1592 die,
877 1543 924 1582 et
948 1534 1063 1598 quid
1090 1535 1204 1597 pati,
1229 1536 1407 1584 Gaesare
1428 1536 1552 1593 vivo,

211 1605 452 1708 posgetpet
471 1598 604 1670 quid,
627 1614 681 1647 eo
696 1607 895 1660 mortuo,
918 1600 1134 1662 consequi
1149 1600 1245 1662 ipse
1259 1607 1458 1662 cuperet,
1476 1616 1559 1652 os*

209 1669 286 1711 ten
320 1672 362 1712 1t

276 1727 327 1773 N
330 1742 382 1774 ec
403 1741 512 1772 vero
532 1726 591 1773 de
612 1727 797 1783 virtute,
822 1727 1091 1783 constantia,
1116 1736 1161 1774 et
1181 1728 1418 1803 gravitate,

115 1793 125 1800 “
211 1790 372 1838 vinciae
384 1790 553 1837 Gauiae
573 1790 711 1837 taceri
716 1798 891 1865 ‘potest-
924 1791 1014 1838 Est
1033 1790 1156 1838 enim
1177 1785 1256 1840 ille
1276 1792 1360 1840 flos
1382 1744 1563 1851 Inffig:

208 1854 326 1908 illud
344 1853 726 1901 firmamentum
714 1854 893 1916 unperii
916 1855 1078 1917 populi
1099 1856 1317 1913 Romani,
1335 1856 1453 1903 illud
1478 1871 1552 1903 01·

173 1927 182 1938 ¹
208 1928 485 1968 numentum
515 1917 763 1980 dignitatis.
804 1917 987 1967 Tantus
1022 1927 1177 1966 autem
1207 1928 1275 1966 est
1302 1934 1550 1967 consensus

203 1980 572 2045 municipiorum
600 1983 972 2057 coloniarumque
1007 1983 1252 2046 provinciae
1278 1983 1461 2042 Galliae,
1492 1991 1550 2032 ut

205 2061 390 2102 omnes,
415 2046 475 2093 ad
495 2043 809 2096 auctoritatem
822 2047 963 2108 hujus
983 2047 1154 2094 ordinis
1169 2047 1551 2108 majestatemque

203 2110 373 2173 popuJi
394 2109 599 2170 Romani
620 2110 970 2170 defendendam,
993 2109 1272 2172 conspirasse
1293 2108 1550 2166 videantur-

207 2174 549 2233 Quamobrem,
581 2174 753 2222 tribuni
789 2176 955 2238 plebis,
991 2186 1289 2237 quamquam
1312 2185 1392 2217 vos
1433 2170 1552 2221 nihil

202 2238 357 2296 aliud,
381 2239 471 2285 11131
491 2238 549 2285 (13
568 2239 794 2301 praesidio,
808 2247 862 2286 ut
882 2247 1094 2286 senatum
1112 2239 1219 2282 tuto
1239 2233 1444 2279 consules
1461 2233 1552 2280 Ca-

204 2302 361 2349 lendis
393 2302 430 2349 J
432 2317 632 2350 anuarus
664 2303 831 2351 habere
865 2307 1066 2374 possent,
1097 2295 1554 2350 retulistis31amen

179 2365 332 2420 ,mihi
352 2366 573 2415 videmini
594 2382 764 2429 magno
787 2364 1000 2421 consilio,
1022 2371 1162 2437 atque
1183 2357 1359 2419 optima·
1379 2370 1550 2421 mente,

201 2420 484 2493 poteet'atem
505 2431 637 2478 n‘obis
657 2430 721 2481 (13
749 2428 845 2480 tota
874 2444 924 2475 re
952 2422 1137 2499 publica
1173 2420 1328 2470 fecisse
1356 2424 1554 2477 dicendi,

193 2493 342 2549 Cum
364 2495 489 2541 enim
519 2501 620 2541 tuto
649 2503 861 2542 senatum
893 2490 1072 2539 haberi
1086 2488 1184 2534 sine
1206 2487 1429 2548 praesidio
1459 2504 1557 2539 non

191 2573 346 2624 posse
370 2557 689 2618 judicavistis,
722 2556 842 2603 illud
873 2563 979 2601 tum
1009 2543 1228 2600 statuistis
1257 2549 1413 2611 etiam,
1432 2552 1569 2606 inm
1596 2568 1603 2572 ·

185 2637 370 2695 muros
389 2622 592 2688 Antonii
612 2622 761 2674 scelus
771 2617 1115 2686 „audaciamque
1131 2612 1311 2663 Versa‘i‘
