1858 3020
470 216 877 268 ΡΗῙωΡΡῙοΑ
909 202 1036 266 xlii
1063 216 1193 266 car.
1226 220 1274 266 3.
1443 218 1542 266 359

208 359 286 395 me
297 347 507 411 experior
522 365 536 394 ε
568 348 702 409 cujus
717 347 841 395 idem
855 345 1114 402 consilium,
1160 346 1251 394 uod
1268 355 1420 406 tuum,
1438 349 1554 395 send

208 411 290 469 tio,
314 426 456 474 quam
486 410 854 475 reprehendatur.
888 412 990 458 Nos
1018 426 1148 472 repre
1181 410 1392 458 endimur
1420 412 1540 458 soli?

208 475 376 533 Quid?
408 476 479 523 irir
498 475 768 523 fortissimus
785 476 939 522 Pansa
959 475 1056 522 sine
1075 474 1212 521 causa
1227 482 1323 521 tam
1337 487 1543 522 accurate

207 539 349 601 paulo
370 547 477 587 ante
505 540 684 587 locutus
713 548 781 586 est
805 539 982 586 tamdiu
1002 541 1025 584 Ρ
1071 538 1201 596 Quid
1233 537 1341 600 egit,
1364 538 1452 584 nisi
1472 542 1542 585 uti

206 602 373 650 falsam
395 603 662 666 proditionis
676 619 704 650 a
719 618 767 650 se
783 602 1086 666 suspicionem
1101 602 1344 666 depelleret
1359 603 1381 650 Ρ
1403 602 1543 650 Unde

204 675 364 714 autem
379 675 447 714 est
460 668 547 714 ista
559 667 787 730 suspicio?
811 682 869 713 ex
881 666 1006 729 pacis
1021 666 1271 729 patrocinio
1287 666 1539 728 repentino,

237 731 333 778 uod
355 732 505 779 subito
526 731 739 794 suscepit,
770 730 929 779 eodem
951 741 1109 793 captus
1138 745 1301 785 errore,
1330 745 1423 792 quo
1444 743 1541 777 nos.

203 747 352 853 Quod
373 795 412 842 si
432 804 498 843 δι
512 803 728 853 erratum,
743 803 894 858 patres
905 794 1161 857 conscripti,
1176 809 1255 856 spe
1275 793 1389 841 falsa
1406 802 1545 856 atque

203 858 359 906 fallaci
374 875 390 914 ς
415 859 652 908 redeamus
672 859 721 905 in
738 859 876 906 viam.
909 857 1132 921 Optimus
1148 869 1216 905 est
1230 866 1388 921 portus
1400 858 1545 920 poeni-

204 922 324 970 tenti
344 924 540 971 mutatio
561 922 750 970 consilii.
1375 955 1382 980 t

271 987 374 1034 ΙΙΙ.
407 986 539 1045 Quid
559 986 683 1033 enim
697 990 799 1049 (per
809 986 937 1033 Deos
949 985 1277 1043 immortales!)
1400 1020 1410 1031 .
1455 985 1544 1032 rei-

203 1051 406 1113 publicae
416 1050 627 1114 prodesse
640 1059 793 1098 nostra
804 1040 972 1113 legatio
983 1053 1006 1097 Ρ
1025 1050 1260 1107 Prodesse,
1308 1050 1406 1096 ico?
1429 1050 1543 1112 quid

203 1116 244 1162 si
265 1114 406 1161 etiam
426 1114 644 1162 obfutura
664 1122 732 1162 est
747 1117 770 1162 Ρ
815 1109 1090 1162 obfutura?
1124 1113 1238 1176 quid
1267 1114 1305 1160 si
1330 1114 1430 1174 jam
1461 1128 1543 1161 no·

201 1179 302 1226 cuit
317 1181 340 1226 Ρ
386 1178 469 1225 An
503 1193 583 1225 vos
612 1178 877 1226 acerrimam
907 1178 1038 1224 illam
1060 1186 1106 1225 et
1136 1177 1428 1224 fortissimam
1458 1192 1543 1240 po-

203 1242 310 1317 puli
331 1243 534 1290 Romani
553 1242 774 1289 libertatis
794 1242 1115 1304 recuperandae
1135 1241 1430 1304 cupiditatem
1446 1255 1541 1287 non

202 1307 503 1354 imminutam
539 1311 592 1353 ac
624 1306 908 1354 debilitatam
942 1304 1129 1367 putatis,
1164 1305 1391 1367 legatione
1417 1305 1542 1368 pacis

203 1371 368 1418 audita
386 1373 409 1418 Ρ
450 1369 582 1429 Quid
616 1370 870 1433 municipia
902 1368 1090 1416 censetis
1102 1369 1125 1413 Ρ
1158 1368 1272 1432 quid
1306 1368 1503 1418 colonias
1517 1369 1541 1415 Ρ

201 1435 323 1498 quid
345 1443 556 1482 cunctam
580 1433 765 1481 Italiam
781 1436 803 1481 Ρ
836 1434 1043 1480 futuram
1066 1432 1224 1480 eodem
1257 1432 1424 1492 studio,
1448 1448 1543 1497 quo

202 1507 364 1547 contra
384 1513 629 1547 commune
648 1497 912 1546 incendium
933 1498 1195 1546 exarserat?
1234 1497 1317 1544 An
1340 1510 1430 1546 non
1453 1514 1543 1562 pu-

201 1572 362 1611 tamus
375 1563 495 1621 fore,
518 1571 572 1610 ut
592 1577 669 1610 eos
689 1563 904 1626 poeniteat
922 1562 1147 1626 professos
1177 1577 1288 1621 esse,
1311 1570 1357 1610 et
1377 1570 1473 1626 pra·
1494 1578 1543 1611 se

200 1629 364 1675 tulisse
397 1627 556 1675 odium
593 1626 642 1672 in
676 1627 957 1685 Antonium,
993 1626 1075 1689 qui
1107 1627 1322 1690 pecunias
1351 1627 1542 1690 polliciti

203 1701 333 1749 sunt,
356 1692 439 1755 qui
459 1707 603 1749 arma,
627 1691 709 1754 qui
731 1707 777 1738 se
798 1699 933 1746 totos,
949 1699 995 1737 et
1015 1691 1181 1737 animis
1199 1700 1244 1737 et
1259 1705 1311 1737 co
1381 1693 1538 1749 ⁸ribus,

200 1757 254 1803 in
277 1756 474 1803 salutem
496 1755 756 1818 reipublicae
770 1754 1061 1802 contuderunt
1075 1756 1097 1801 ?
1131 1754 1314 1812 Quema
1348 1755 1541 1801 modum

119 1846 123 1848 ⁷
201 1829 411 1869 vestrum
433 1820 519 1867 hoc
539 1818 778 1867 consilium
800 1818 963 1880 Capua
982 1818 1209 1880 probabit,
1232 1833 1337 1881 quae
1364 1826 1542 1881 tempo-

200 1885 335 1932 ribus
349 1883 423 1930 his
436 1884 590 1931 Roma
602 1883 744 1930 altera
757 1878 829 1929 est'
840 1884 862 1931 Ρ
886 1882 979 1928 Illa
992 1882 1157 1945 impios
1173 1881 1290 1929 cives
1299 1881 1539 1942 judicavit,

200 1948 355 2010 ejecit,
377 1947 582 1995 exclusit.
618 1946 716 2005 Illi,
737 1946 824 2005 illi,
846 1946 1057 2010 inquam,
1079 1946 1184 1994 urbi
1204 1945 1446 1994 fortissime
1468 1960 1543 1993 eo·

201 2011 356 2069 nanti,
379 2027 406 2058 e
426 2011 639 2058 manibus
659 2018 726 2058 est
746 2018 926 2074 ereptus
944 2010 1189 2057 Antonius.
1440 2016 1451 2049 'a

218 2093 229 2100 ·
271 2074 404 2136 Quid
419 2078 442 2121 Ρ
473 2075 708 2137 legionum
728 2086 986 2122 nostrarum
1006 2089 1167 2122 nervos
1186 2071 1421 2137 nonnehis
1434 2085 1542 2118 con-

201 2140 320 2189 siliis
341 2138 586 2186 incidimus
601 2141 623 2186 Ρ
669 2138 790 2197 Quis
811 2148 881 2186 est
900 2139 1043 2195 enim,
1070 2137 1152 2199 qui
1180 2135 1239 2182 ad
1259 2134 1450 2181 bellum*
1468 2133 1557 2179 ixi-¹

202 2198 447 2252 flammat‘o
466 2203 621 2250 animo
642 2202 700 2249 sit
718 2202 920 2259 futurus,
944 2217 1024 2263 spe
1043 2198 1169 2262 pacis
1197 2197 1352 2244 oblata
1371 2199 1393 2242 ἓ
1429 2194 1556 2258 Ipsa*

199 2270 287 2317 ma
300 2266 502 2324 Martia,
523 2266 714 2314 coelestis
733 2274 780 2313 et
805 2265 963 2311 divina
981 2263 1117 2324 legio,
1139 2260 1227 2306 hoc
1255 2257 1418 2305 nuntio
1438 2259 1541 2305 lan.

199 2339 390 2397 guoecet
411 2340 456 2377 et
469 2329 718 2388 mollietur,
735 2336 874 2392 atque
893 2325 1012 2373 illud
1030 2321 1390 2388 pulcherrimum
1407 2321 1541 2368 Mar.

200 2397 328 2445 tium
357 2409 526 2442 nomen
556 2394 735 2441 amittet
749 2410 763 2439 ε
797 2389 1007 2439 excident
1033 2386 1203 2450 gladii=
1237 2386 1383 2433 fluent
1411 2401 1541 2433 arma

199 2460 264 2508 de
283 2458 514 2506 manibus.
549 2459 770 2505 Senatum
791 2455 914 2503 enim
942 2461 1111 2509 secuta,
1132 2465 1225 2497 non
1246 2451 1555 2498 arbitrabitur²

199 2540 252 2572 se
273 2522 472 2587 graviori
494 2520 598 2568 odio
617 2521 668 2567 iu
698 2518 956 2566 Antonium
978 2531 1073 2563 esse
1092 2514 1271 2571 debere,
1305 2529 1446 2576 quam
1469 2529 1540 2561 se-

199 2596 385 2635 natum.
416 2584 586 2643 ⁸Pudet
613 2584 753 2643 hujus
780 2580 1002 2643 legionis;
1036 2577 1180 2641 pudet
1200 2585 1391 2639 quarta,
1414 2592 1537 2640 quae,

195 2650 305 2716 pali
334 2649 505 2697 virtute
536 2655 739 2693 nostram
772 2644 1083 2691 auctoritatem
1110 2643 1324 2703 probans,
1359 2653 1452 2686 non
1486 2647 1540 2685 ut

194 2713 438 2763 oenmlem
460 2719 509 2759 et
524 2711 845 2773 imperatorem
861 2721 1017 2763 suum,
1034 2704 1112 2751 sed
1132 2711 1188 2750 ut
1201 2700 1378 2749 hostem
1395 2710 1442 2748 et
1454 2706 1559 2762 ομ·
