1858 3020
617 555 703 619 1N
741 558 830 618 Μ.
870 531 1310 620 ΑΝΤοΝΙυΜ

631 679 906 742 Philippica
944 678 1299 726 Tertiadecima.

358 807 399 855 1.
434 806 484 856 A
525 819 822 855 riui-renuo
856 806 1001 867 hujus
1028 805 1157 864 belli,
1183 813 1336 869 patres
1372 802 1631 867 conscripti,

294 871 424 936 quod
446 887 554 920 cum
582 871 738 934 impiis
759 870 951 929 civibus,
988 869 1408 932 consceleratisque,
1441 867 1641 931 suscepi-

289 951 414 994 mus,
437 935 592 994 timui,
626 950 685 983 ne
705 934 904 983 conditio
925 933 1144 982 insidiosa.
1171 932 1298 997 pacis
1318 932 1546 980 libertatis
1567 948 1639 979 re-

293 1000 569 1063 cuperandae
585 999 736 1047 studia
752 999 1063 1073 restingueret.
1097 998 1249 1046 Dulce
1262 997 1388 1044 enim
1405 998 1548 1044 etiam
1561 1011 1644 1044 no-

292 1079 402 1112 men
417 1073 484 1112 est
496 1064 619 1128 pacis
637 1080 655 1121 ς
688 1079 759 1112 res
775 1079 882 1111 vero
894 1078 1011 1126 ipsa,
1030 1078 1138 1112 cum
1149 1061 1378 1123 jucunda,
1393 1069 1499 1109 tum
1513 1060 1638 1108 selu-

295 1128 421 1176 taris.
460 1130 511 1177 N
512 1144 588 1177 am
605 1144 689 1177 nec
699 1128 900 1191 privatos
921 1127 1063 1187 focos,
1081 1142 1165 1174 nec
1176 1125 1384 1190 publicas
1399 1126 1543 1187 leges,
1559 1139 1645 1172 nec

295 1192 521 1241 libertatis
552 1194 677 1254 jura,
712 1208 817 1240 cara
836 1192 1006 1239 habere
1088 1200 1193 1249 test,
1223 1204 1368 1253 quem
1389 1188 1644 1248 discordiae,

295 1272 437 1320 quem
452 1258 594 1306 caedes
602 1256 979 1318 civium‚quemb
1041 1271 1124 1303 um
1134 1254 1265 1303 civile
1273 1254 1491 1301 delectat:
1513 1269 1647 1300 eum-

294 1337 388 1385 que
410 1337 469 1369 ex
484 1337 677 1370 numero
696 1320 941 1368 hominum
963 1319 1254 1381 ejiciendum,
1278 1334 1338 1366 ex
1360 1317 1533 1365 finibus
1551 1317 1645 1365 hu-

295 1400 448 1433 manae
481 1394 659 1434 naturae
690 1384 1111 1444 exterminandum,
1148 1392 1276 1447 puto.
1326 1382 1511 1445 Itaque,
1547 1382 1646 1429 sive

295 1450 445 1508 Sulla,
470 1450 565 1497 sive
586 1449 787 1509 Marius,
819 1449 912 1497 sive
933 1457 1144 1515 uterque,
1168 1448 1262 1496 sive
1283 1446 1522 1504 Octavius,
1543 1446 1644 1493 sive

298 1513 469 1573 Cinna,
487 1513 583 1562 sive
603 1514 771 1562 iterum
789 1515 940 1574 Sulla,
957 1514 1051 1563 sive
1072 1515 1187 1562 alter
1202 1512 1387 1560 Marius
1403 1519 1446 1559 et
1466 1509 1641 1570 Carbo,

295 1570 392 1625 ‘sive
406 1576 511 1641 quis
524 1578 643 1625 alius
656 1578 789 1626 civile
805 1579 983 1627 bellum
994 1578 1188 1642 optavit,
1203 1592 1314 1625 eum
1326 1573 1645 1625 detestabilem

292 1640 440 1689 civem
477 1641 740 1706 reipublicae
763 1652 927 1691 natum
959 1643 1132 1705 judico.
1166 1641 1298 1690 Nam
1327 1639 1440 1704 quid
1473 1654 1559 1702 ego
1582 1638 1646 1687 de

295 1704 510 1782 proximo
544 1706 712 1767 dicam,
736 1709 869 1769 cujus
898 1717 1001 1755 acta
1021 1706 1326 1767 defendinms,
1350 1719 1460 1752 cum
1486 1703 1649 1768 ipsum

317 1786 397 1818 ure
419 1785 589 1818 caesum
621 1771 887 1820 fateamur?
922 1771 1060 1819 Nihil
1088 1771 1229 1834 igitur
1257 1770 1347 1819 hoc
1374 1769 1491 1828 cive,
1527 1767 1650 1819 nihil

331 1849 384 1882 oc
403 1834 609 1894 homine,
632 1837 825 1894 tetiius3
860 1835 899 1884 si
920 1845 1003 1883 aut
1018 1836 1130 1884 civis
1145 1844 1228 1884 aut
1241 1835 1385 1885 homo
1403 1833 1649 1883 habendus

295 1906 380 1958 est,
405 1898 489 1962 qui
508 1899 640 1948 civile
655 1901 833 1948 bellum
854 1900 1147 1963 concupiscit.

360 1963 453 2013 Sed
480 1963 568 2012 hoc
587 1964 796 2027 primum
816 1965 1068 2014 videndum
1093 1973 1179 2025 oet,
1202 1971 1354 2028 patres
1376 1960 1643 2026 conscripti,

297 2043 407 2079 cum
429 2029 704 2078 omnibusne
737 2046 832 2105 pax
860 2045 957 2078 esse
977 2029 1137 2093 possit,
1164 2045 1224 2077 an
1251 2029 1311 2077 sit
1335 2026 1528 2091 aliquod
1546 2027 1652 2075 bel-

294 2093 400 2141 lum
419 2093 715 2158 inexpiabile,
738 2110 788 2142 in
804 2109 898 2159 quo
918 2092 1071 2158 pactio
1085 2093 1211 2158 pacis
1231 2093 1309 2141 lex
1322 2092 1384 2140 sit
1399 2090 1649 2141 servitutis.

299 2158 472 2206 Pacem
493 2174 601 2207 cum
620 2158 697 2209 Sci
728 2159 833 2207 ione
853 2159 985 2206 Sulla
999 2159 1093 2207 sive
1112 2158 1325 2216 faciebat,
1343 2156 1439 2206 sive
1455 2154 1650 2205 simula-

293 2223 411 2284 pat3
447 2238 542 2271 non
566 2231 662 2271 erat
681 2176 1034 2291 ‹semei-andum,
1064 2223 1103 2271 si
1123 2221 1422 2280 convenisset,
1442 2220 1540 2268 sore
1561 2219 1651 2269 ali·

334 2301 443 2333 uem
465 2287 749 2335 tolerabilem
779 2295 954 2334 statum
976 2286 1183 2335 civitatis.
1218 2287 1373 2334 Cinna
1393 2285 1431 2333 si
1460 2299 1650 2332 concor-

296 2407 309 2418 .
333 2347 344 2357 ‘
375 2363 425 2394 m
462 2365 569 2396 cum
603 2350 799 2399 Octavio
832 2350 1103 2398 confirmare
1132 2350 1367 2409 voluisset,
1396 2348 1648 2396 hominum

293 2421 345 2452 m
383 2413 620 2472 republica
662 2414 832 2461 sanitas
859 2429 1097 2462 remanere
1136 2415 1376 2477 potuisset.
1419 2412 1650 2460 Proximo

291 2469 430 2527 belh,
470 2474 511 2518 si
545 2476 723 2539 aliquid
768 2478 827 2525 de
860 2479 1051 2526 summa
1100 2478 1327 2541 gravitate
1370 2476 1646 2540 Pompeius,

291 2531 498 2604 mulfum
530 2536 590 2583 de
610 2554 668 2586 cu
700 2540 860 2589 iditate
889 2541 1061 2602 Caesar,
1083 2542 1332 2591 remisisset
1348 2544 1372 2600 3⁷
1400 2550 1447 2590 et
1479 2555 1648 2605 pacem

291 2593 520 2664 εῗὸῧὲῙθῐΠ,
561 2607 608 2646 et
643 2555 850 2666 utiquam
896 2606 1252 2669 rempublicam,
1296 2605 1431 2655 nobis
1472 2605 1649 2653 habere

70 2651 507 2732 a—*licmssee
