1858 3020
285 212 377 266 170
538 206 679 262 PRO
711 200 1096 263 DEIOTARO.
1129 211 1259 260 cru».
1291 211 1340 259 s.

277 339 447 399 Caesar,
460 340 661 389 hominis
683 342 903 405 probitas,
917 343 1017 389 noti
1031 356 1198 401 mores,
1216 349 1326 389 nota
1346 336 1613 388 constantia.

277 403 370 451 Cui
391 418 543 468 porro,
564 407 648 470 qui
669 406 807 454 modo
827 407 989 482 populi
1011 406 1227 455 Romani
1234 419 1404 454 nomen
1417 400 1610 461 audivit,

277 467 518 517 Deiotari
504 471 755 545 integritas,
778 481 995 533 gravitas,
1019 470 1181 530 virtus,
1198 470 1329 528 fides,
1347 482 1440 516 non
1458 466 1614 515 audita

280 537 349 580 est
363 535 386 581 ἒ
419 533 563 592 Qu'od
583 534 724 598 igitur
745 535 922 582 facinus
935 549 1019 582 nec
1030 535 1081 581 i'n
1095 535 1333 582 hominem
1345 530 1615 608 impruden-

277 605 373 645 tem
388 598 547 646 cadere
562 608 712 662 posset
727 608 916 677 propter
926 608 1106 646 metum
1122 599 1358 662 presentis
1372 596 1519 657 exitii,
1532 606 1615 641 nec

233 684 238 691 ·
276 660 327 708 in
347 661 669 722 facinorosum,
697 679 785 711 nisi
806 668 922 711 'esset
942 661 1065 710 idem
1088 663 1444 719 amentissimus,
1465 660 1516 707 id
1536 673 1616 706 vos

278 734 326 773 et
346 742 374 774 a
394 728 492 774 viro
513 729 703 791 optimo,
720 728 837 774 etab
854 727 1042 775 homine
1061 727 1256 775 minime
1276 727 1432 785 ειιι1ιο,
1446 724 1618 787 cogita-

276 798 379 838 tum
404 807 498 839 esse
518 791 789 854 confingitis.

341 855 413 902 At
434 871 576 918 quam
598 871 691 903 non
712 855 853 903 modo
884 870 978 903 non
1013 856 1302 913 credibiliter,
1333 855 1413 902 sed
1441 869 1502 901 ne
1538 866 1615 899 su-

276 918 468 982 spiciose
480 920 697 983 quidem!
724 920 867 977 Cum,
884 920 1054 984 inquit,
1073 920 1121 966 in
1138 920 1379 968 castellum
1388 917 1615 966 Luceium

277 983 490 1041 venisses,
515 991 560 1031 et
574 984 767 1031 domum
784 985 919 1047 regis,
936 985 1130 1048 hospitis
1152 985 1239 1041 tui,
1263 983 1533 1037 divertisses,
1549 981 1621 1028 lo-

276 1062 361 1094 cus
382 1056 477 1095 erat
498 1048 705 1111 quidam,
727 1047 777 1094 in
799 1064 893 1112 quo
915 1057 1046 1096 erant
1066 1064 1120 1095 ea
1148 1047 1416 1110 compunta,
1447 1046 1616 1120 quibus

169 1152 178 1156 -
278 1126 362 1159 rex
383 1120 429 1159 te
447 1126 690 1160 munerare
711 1113 1017 1161 constituerat.
1053 1113 1165 1160 Huc
1177 1121 1224 1159 te
1236 1111 1453 1169 ebalneo,
1467 1110 1625 1185 prius-

279 1191 422 1239 quam
435 1178 739 1235 accumberes‚
748 1177 913 1224 ducere
925 1177 1120 1224 volebat.
1136 1176 1286 1223 Erant
1302 1173 1627 1233 cnimarmati,

277 1241 360 1304 qui
383 1250 429 1288 te
450 1241 771 1298 interficerent,
798 1240 848 1288 in
874 1256 927 1288 eo
948 1240 1049 1303 ipso
1062 1241 1164 1288 loco
1185 1239 1404 1288 collocati.
1438 1239 1517 1286 En
1532 1238 1618 1285 cri-

222 1297 236 1306 ’
275 1318 406 1364 men,
424 1320 482 1353 en
495 1321 648 1364 causa,
667 1321 749 1352 cur
763 1320 916 1368 regem
931 1304 1170 1367 fugitivus,
1189 1296 1429 1351 dominum
1443 1317 1617 1360 servus,

280 1378 473 1417 accuset.
508 1368 630 1431 Ego,
657 1369 956 1426 (mehercule)
979 1368 1065 1416 Gai
1081 1368 1252 1426 Caesar,
1265 1367 1414 1424 initio,
1429 1382 1539 1415 cum
1552 1373 1619 1413 est

276 1433 340 1479 ad
360 1449 437 1480 me
457 1434 545 1479 ista
565 1449 702 1480 causa
721 1434 889 1492 delata,
922 1432 1213 1495 Phidippum
1242 1430 1493 1489 medicum,
1525 1446 1621 1478 ser-

279 1495 1446 1636 ffiffissemgssseussoffunsstffifflmmsfflffl⁸0⁸n⁵2tsss½
1435 1498 1503 1608 ἵζ’
1518 1494 1621 1623 ρ’ἰίῗ

282 1639 471 1671 cussus:
506 1624 738 1672 medicum
762 1625 962 1673 indicem
984 1625 1282 1673 subornabit.
1318 1623 1464 1687 finget
1484 1624 1624 1672 vide·-

276 1688 387 1735 licet
408 1689 595 1751 aliquod
617 1690 787 1737 crimen
802 1690 977 1737 veneni.
1012 1690 1116 1737 Etsi
1128 1706 1157 1738 a
1171 1690 1359 1738 veritate
1379 1689 1534 1751 longe,
1550 1696 1622 1735 ta-

279 1766 389 1863 ihpen
411 1768 439 1800 a
461 1750 788 1802 consuetudine
808 1753 1083 1802 criminandi
1102 1766 1197 1803 non
1208 1755 1431 1813 multum,
1449 1765 1522 1801 res
1541 1743 1623 1800 ab-

315 1819 510 1865 orrebat.

345 1881 477 1940 Quid
510 1882 576 1928 ait
604 1881 845 1930 medicus?
877 1882 996 1930 nihil
1021 1882 1080 1931 de
1098 1897 1288 1931 veneno.
1335 1882 1409 1930 At
1440 1881 1491 1929 id
1523 1878 1626 1929 fieri

278 1945 448 2022 potuit,
460 1946 628 2008 prime,
640 1947 924 1995 ‘occultiusin
939 1947 1139 2010 potione,
1149 1948 1283 1995 velin
1298 1946 1423 1995 cibo.
1440 1946 1625 2004 deinde,

278 2010 419 2057 etiam
446 2010 686 2074 impunius
712 2011 782 2069 fit,
817 2011 961 2075 quod,
993 2027 1100 2059 cum
1136 2023 1206 2059 est
1237 2011 1430 2069 factum,
1451 2008 1629 2073 negari

277 2082 440 2137 potest.
476 2076 528 2124 Si
547 2076 703 2139 palam
723 2084 772 2122 te
790 2075 1109 2133 interemisset,
1132 2075 1346 2123 omnium
1367 2075 1418 2122 in
1436 2090 1490 2121 se
1509 2085 1629 2137 gen-

276 2139 398 2187 tium
420 2149 515 2188 non
536 2140 688 2188 solum
709 2139 830 2198 odia,
854 2140 936 2187 sed
957 2141 1097 2188 etiam
1123 2151 1281 2198 arma,
1300 2138 1630 2187 convertissetx

277 2204 318 2251 si
331 2218 537 2261 veneno·
562 2205 598 2252 J
599 2219 697 2252 ovis
709 2204 836 2251 illius
852 2203 1041 2268 quidem
1052 2203 1292 2269 hospitalis
1307 2207 1484 2251 numen
1498 2216 1634 2250 nun·-

343 2284 421 2316 am
451 2270 597 2317 celare
619 2267 875 2331 potuisset3
909 2268 1120 2317 homines
1154 2268 1343 2316 fortasse
1371 2266 1629 2328 celavisset.

277 2270 422 2405 819οὰ
434 2333 577 2441 'fftur
592 2341 639 2380 et
658 2332 880 2380 occultius
892 2333 1064 2393 conari,
1079 2342 1126 2381 et
1141 2332 1314 2381 efficere
1329 2331 1527 2389 cautius,
1542 2338 1639 2395 po-¹

278 2393 399 2449 tuit3
434 2348 606 2452 Ἐλπίδι,
631 2404 677 2443 et
696 2396 887 2445 medico
896 2396 1078 2458 callido,
1103 2406 1150 2445 et
1169 2410 1299 2446 servo
1314 2399 1392 2450 (ut
1404 2397 1629 2471 putabat)
1725 2421 1739 2428 ’
1818 2430 1840 2444 -·

278 2395 453 2513 fideli,i
445 2469 540 2504 non
561 2459 783 2516 credidit,
817 2460 876 2507 de
896 2461 1053 2521 armis,
1076 2460 1136 2509 de
1163 2460 1301 2519 ferro,
1331 2460 1391 2507 de
1422 2458 1629 2516 insidiis,

278 2516 422 2564 celare
439 2527 483 2565 te
504 2521 656 2568 noluit
666 2522 690 2566 ἰ’
722 2494 795 2570 A't
816 2538 959 2587 quam
971 2523 1130 2572 festive
1145 2525 1319 2572 crimen
1332 2522 1629 2571 connexim!

280 2576 391 2624 Tua
401 2587 464 2653 te,
478 2581 647 2643 inquit,
662 2585 838 2644 eadem,
854 2601 961 2649 quae
975 2599 1173 2651 semper,
1190 2588 1379 2638 fortima
1393 2585 1629 2642 servavit,

277 2642 502 2701 negavisti
522 2649 625 2691 tum
644 2652 692 2692 te
710 2647 934 2709 inspicere
954 2650 1084 2699 velle·
