1858 3020
485 233 893 291 PHILIPPICA-
925 239 1047 289 ΧΠ.
1082 238 1207 289 CAP.
1241 241 1290 290 6.
1461 243 1554 292 361

216 361 337 428 giuti,
360 377 644 433 repugnante
664 383 771 426 meg
805 369 885 417 sed
901 369 1056 418 tamen
1072 368 1213 417 missi.
1248 370 1415 421 Deleta
1427 388 1561 421 man.

216 432 360 479 datae
396 448 489 481 non
510 435 676 497 paruit.
710 434 1051 482 Denuntiatum
1068 443 1152 492 est,
1175 450 1234 481 ne
1253 435 1456 484 Brutum
1478 441 1563 487 ob-

219 495 404 555 sideret,
429 511 458 544 a
486 498 679 546 Mutina
707 498 985 546 discederet:
1022 498 1305 564 oppugnavit
1326 500 1463 547 etiam
1484 519 1561 551 ve-

217 558 495 609 hementius.
530 562 597 609 Et
617 563 676 610 ad
698 577 804 610 eum
826 564 999 623 legatos
1015 562 1073 609 de
1084 580 1196 626 pace
1210 564 1464 623 mittemus,
1479 568 1561 629 qui

212 624 347 686 pacis
383 625 568 673 nuntios
606 623 892 689 repudiavit?
926 626 1372 675 Verecundioremne
1409 643 1562 678 coram

216 696 443 751 putamus
462 690 512 736 in
532 690 807 753 postulando
828 691 941 749 fore,
975 707 1117 754 quam
1137 692 1277 740 fuerit
1304 700 1424 751 tum,
1454 708 1561 741 cum

218 753 352 799 misit
373 754 591 801 mandata
618 754 678 801 ad
699 763 908 802 senatum
923 755 947 801 ’ἓ
981 755 1130 819 Atqui
1150 765 1253 804 tum
1282 771 1337 804 ea
1359 758 1561 820 petebat,

166 845 185 852 υ
218 831 326 877 quae
347 817 618 865 videbantur
644 818 856 881 improba
886 820 1092 878 omnino,
1121 821 1199 867 sed
1220 828 1376 867 tamen
1408 821 1564 886 aliquo

216 880 362 928 modo
379 896 515 957 posse
535 883 748 930 concedit
784 883 993 930 nondum
1016 892 1112 931 erat
1132 884 1290 933 vestris
1314 882 1438 945 [tam
1458 901 1563 948 gra-

204 944 463 1010 ·vissimis,]
480 955 668 1009 tamque
687 947 866 1006 multis,
884 947 1069 1008 judiciis
1088 948 1444 1011 ignominiisque
1457 964 1563 997 con-

202 1009 368 1056 cisus:
405 1022 530 1058 nunc
550 1027 604 1058 ea
623 1011 756 1074 petit,
793 1027 897 1074 quae
925 1011 1034 1058 dare
1070 1013 1200 1060 nullo
1233 1012 1372 1059 modo
1401 1027 1563 1075 possu-

203 1088 344 1129 ·mus‚
366 1071 454 1121 nisi
474 1075 603 1137 prius
623 1076 838 1123 volumus
850 1074 1071 1123 nos‘bello
1085 1076 1224 1124 victos
1237 1076 1453 1124 confiteri.
1477 1078 1560 1125 Se-

214 1140 584 1186 natus-consulta
604 1139 720 1187 falsa
739 1140 891 1187 delata
910 1142 971 1187 ab
992 1155 1045 1186 eo
1070 1140 1406 1201 judicavimus:
1443 1156 1560 1188 num

200 1217 272 1249 ea
285 1217 394 1249 vera
408 1218 652 1266 possumus
669 1203 874 1264 judicare
887 1204 911 1250 ἲ
945 1204 1093 1266 Leges
1110 1205 1353 1252 statuimus
1369 1220 1452 1267 per
1464 1205 1560 1253 vim

214 1274 264 1313 et
284 1274 444 1314 contra
464 1267 668 1331 auspicia
686 1269 820 1325 latas,
837 1267 985 1331 iisque
1004 1283 1089 1315 nec
1109 1269 1336 1332 populum
1357 1283 1441 1315 nec
1461 1270 1560 1331 ple-

211 1331 327 1378 bem
348 1332 513 1379 teneri:
538 1347 655 1379 num
677 1347 752 1379 eas
767 1332 944 1380 restitui
959 1347 1090 1395 posse
1103 1333 1291 1379 censetis
1302 1333 1325 1377 ‘3
1362 1331 1559 1394 [Sester-

198 1394 362 1458 tium]
463 1395 545 1443 ties
562 1396 730 1443 millies
746 1396 960 1443 avertisse
977 1395 1235 1443 Antonium
1250 1396 1457 1460 pecuniae
1469 1413 1556 1459 pu·-

210 1459 352 1507 blicae
368 1460 423 1521 ju
458 1460 679 1508 'cavistisz
715 1475 832 1507 num
846 1460 1009 1507 fraude
1024 1460 1190 1535 poterit
1204 1476 1354 1509 carere
1373 1462 1557 1536 pecula-

194 1526 289 1589 tus
309 1527 332 1573 Ρ
367 1525 693 1573 Immunitates
715 1528 775 1573 ab
797 1541 850 1573 eo
871 1525 1145 1585 civitatibus,
1169 1526 1432 1587 sacerdotia,
1453 1542 1557 1591 reg-

212 1603 294 1647 na,
317 1588 558 1699 {emer-unt
575 1604 588 1637 ε
604 1604 741 1701 tnum
749 1591 957 1701 gig-enm?-
977 1607 1132 1639 rursus
1153 1606 1219 1639 eae
1240 1592 1426 1663 tabulae,
1441 1608 1557 1655 quas

211 1667 295 1701 vos
350 1662 507 1701 ecretis
527 1670 604 1702 ves
625 1670 686 1701 ns
701 1670 750 1702 re
784 1663 912 1702 xistls

262 1717 374 1764 ‘VL
410 1716 552 1775 Quod
573 1717 611 1765 si
634 1734 705 1778 ea,
740 1734 845 1781 quae
875 1718 1176 1779 decrevimus,
1206 1720 1414 1779 obruere,
1437 1734 1555 1768 num

208 1780 358 1829 etiam
379 1783 650 1829 memoriam
672 1797 828 1829 rerum
854 1781 1021 1840 delere,
1039 1784 1314 1845 possumus?
1353 1783 1557 1842 Quando

191 1842 345 1892 enim
360 1846 649 1893 obliviscetur
664 1847 764 1893 ulla
784 1846 1038 1909 posteritas,
1061 1849 1193 1908 cujus
1214 1848 1377 1895 scelere
1397 1849 1445 1895 in
1468 1848 1556 1896 hac

190 1908 405 1957 ·vestitc1s
425 1909 626 1957 foeditate
647 1910 906 1958 fuerimus?
940 1911 1009 1959 Ut
1029 1912 1347 1960 centurionum
1364 1912 1558 1974 legionis

190 1995 194 1998 ⁴
213 1973 407 2031 Maru’ae
419 1974 661 2022 Brundisii
669 1976 882 2037 profusus
898 1976 1084 2039 sanguis
1100 1976 1309 2033 eluatur-3
1333 1984 1450 2023 num
1465 1975 1559 2022 elui

210 2036 478 2101 praedieatio
494 2039 772 2088 crudelitatis
784 2040 951 2104 poterit
961 2041 985 2086 '1'
1016 2041 1087 2088 Ut
1103 2041 1255 2099 media
1268 2047 1553 2103 praeteream,

211 2117 324 2165 quae
337 2109 538 2150 vetustas
551 2104 680 2150 tollet
695 2119 886 2178 operum
899 2105 1016 2152 cirea
1024 2105 1262 2151 Mutinam
1278 2111 1394 2149 tetra
1403 2101 1557 2151 ,moni-

211 2173 392 2224 menta‚
411 2166 587 2214 sceleris
603 2167 786 2226 indicia,
807 2167 1125 2228 latrociniique
1139 2165 1328 2226 vestigia
1338 2165 1360 2209 2³
1527 2194 1528 2197 κ

279 2229 412 2277 Huic
444 2230 586 2293 igitur
618 2230 883 2294 importuno
912 2238 1052 2291 atque
1084 2228 1269 2288 impuro
1301 2225 1554 2288 parricidae,

186 2293 333 2358 ·quid
352 2293 594 2352 habemus,
616 2295 720 2358 (per
741 2294 867 2340 Deos
887 2290 1169 2339 immortales
1188 2288 1226 2349 Ξ)
1252 2290 1376 2352 quod
1396 2290 1557 2338 remit-

182 2370 190 2379 ’
211 2357 411 2405 tumus?
442 2357 526 2405 An
550 2358 754 2405 Galliam
776 2356 1010 2414 ultimam,
1034 2362 1080 2402 et
1101 2353 1351 2401 exercitum
1365 2353 1388 2400 ἲ
1421 2352 1553 2411 Quid

210 2430 285 2470 est
305 2421 452 2477 aliud,
466 2436 560 2469 non
582 2437 741 2485 pacem
763 2421 927 2479 facere,
944 2418 1024 2466 sed
1039 2417 1218 2464 differre
1233 2418 1448 2466 bellum?
1471 2433 1555 2466 nec

210 2487 370 2534 solum
392 2501 643 2549 propagare
671 2486 866 2540 bellum,
890 2483 970 2531 sed
992 2481 1232 2529 concedere
1253 2482 1391 2529 etiam
1414 2482 1556 2529 victo-

187 2550 374 2598 riam?
409 2550 492 2597 An
514 2550 593 2597 ine
615 2565 707 2597 non
729 2548 900 2603 vicerit,
924 2545 1219 2609 quecumque
1240 2545 1556 2593 conditionein

212 2616 339 2662 hanc
366 2616 532 2661 urbem
561 2628 668 2661 cum
690 2612 784 2659 suis
805 2610 947 2657 armis
968 2608 1179 2655 venerit?
1228 2608 1370 2655 Nunc
1402 2607 1558 2655 omnia

213 2687 459 2725 tenemus:
485 2676 750 2722 auctoritate
771 2674 976 2721 valemus
1029 2670 1253 2717 lurimum
1273 2688 1286 2716 ι
1312 2673 1477 2718 absunt
1489 2677 1557 2714 tot

334 2740 386 2786 ‘ti
408 2739 544 2797 cives,
568 2737 792 2785 nefarium
814 2735 961 2783 secuti
1015 2748 1147 2782 ucem
1167 2749 1181 2778 ε
1216 2740 1374 2779 tamen
1396 2746 1530 2781 eoru·-

281 2796 471 2858 (Orat.)
506 2814 634 2847 vo1..
660 2812 734 2846 ιν.
1158 2797 1229 2840 21
