1858 3020
305 193 399 247 372
561 191 701 241 PRO
723 182 1117 247 DEIOTARO.
1152 188 1278 240 CAP.
1306 190 1363 241 ὑ.

300 319 341 367 is
363 334 485 368 unus
506 328 637 385 esset,
661 321 743 383 qui
765 330 914 396 posset
937 319 1019 382 [de
1033 323 1277 370 absentese
1291 320 1532 383 indicare-1
1562 318 1623 366 Et

301 384 462 431 fratres
484 400 624 442 τηεσε,
648 386 816 449 inquit,
847 386 974 450 quod
1007 393 1137 434 erant
1164 385 1345 443 conscii,
1379 385 1430 432 in
1451 383 1624 437 vincuh

299 449 505 509 conjecit.
540 451 664 496 Cum
685 451 826 512 igitur
846 466 921 497 eos
953 450 1158 509 vinciret,
1181 465 1296 512 quos
1315 464 1472 497 secum
1491 449 1624 495 habe-

297 513 410 568 δαῖς
446 522 491 560 te
511 514 713 561 solutum
737 515 937 561 Romam
961 515 1188 574 mittebat,
1203 513 1284 577 qui
1306 513 1464 561 eadem
1480 512 1622 570 scires,

297 591 404 638 quae
424 577 528 625 illos
548 577 658 625 scire
679 578 789 625 dicis
806 581 829 626 ?

364 641 514 689 VIII.
548 641 749 716 Reliqua
764 658 870 705 pars
886 641 1182 690 accusationis
1193 641 1367 704 duplex
1379 640 1493 688 fuit:
1516 654 1623 694 una,

296 720 453 768 regem
470 721 650 769 semper
668 721 716 753 in
740 707 934 769 speculis
945 706 1103 764 fuisse,
1121 721 1228 754 cum
1242 722 1271 753 a
1285 714 1331 753 te
1343 706 1499 753 animo
1516 711 1624 752 esset

296 769 446 817 alieno
463 786 479 825 ς
514 771 673 825 altera,
710 772 960 818 exercitum
995 787 1102 818 eum
1140 778 1296 817 contra
1327 777 1374 817 te
1406 783 1625 832 magnum

296 834 596 896 compat-fisse.
643 834 720 883 De
741 835 941 882 exercitu
972 835 1120 882 dicam
1144 834 1355 889 breviter,
1377 841 1433 881 ut
1452 843 1622 880 caetera.

291 896 557 965 *Nunquam
590 914 664 945 eas
684 899 835 961 copias
856 914 938 946 rex
971 898 1218 946 Deiotarus
1244 897 1423 954 habuit,
1459 897 1625 961 quibus

291 961 463 1011 inferre
484 963 658 1010 bellum
687 964 860 1025 populo
893 964 1110 1010 Romano
1142 968 1326 1025 possetz
1361 962 1440 1009 sed
1459 961 1627 1024 quibus

288 1025 409 1073 fines
430 1042 536 1073 suos
552 1029 611 1075 ab
632 1026 976 1075 excursionibus
995 1026 1198 1074 hostium
1213 1035 1258 1074 et
1271 1025 1518 1073 latrociniis
1530 1034 1630 1072 tue·-

294 1097 436 1149 retur,
460 1100 506 1137 et
526 1091 876 1154 imperatoribus
896 1091 1062 1138 nostris
1082 1090 1256 1138 auxilia
1275 1090 1490 1137 mitteret.
1535 1090 1630 1137 At-

290 1168 387 1219 que
406 1163 542 1202 antea
554 1154 742 1218 quidem
763 1157 959 1216 maJores
971 1155 1124 1218 copias
1139 1155 1261 1202 alere
1276 1162 1480 1218 poterat3
1504 1167 1628 1201 nunc

292 1218 485 1280 exiguas
505 1219 584 1266 vix
607 1220 724 1266 tueri
745 1228 908 1282 potest·

359 1284 431 1330 At
452 1283 578 1330 misit
590 1283 649 1330 ad
664 1284 919 1343 Caecilium,
934 1283 1084 1332 noecio
1103 1299 1274 1346 quem:
1309 1283 1389 1330 sed
1405 1298 1498 1343 eos,
1516 1296 1633 1346 quos

285 1346 435 1408 misit,
458 1346 584 1411 quod
612 1348 678 1396 ire
699 1349 962 1406 noluerunt,
989 1349 1039 1395 in
1061 1348 1243 1395 vincula
1265 1348 1469 1408 conjecit.
1517 1347 1632 1394 Non

293 1426 467 1474 quaero,
491 1426 633 1474 quam
656 1413 898 1460 verisimile
920 1413 996 1472 sit,
1010 1420 1091 1460 aut
1111 1426 1205 1460 non
1220 1411 1437 1469 ⁸habuisse
1452 1426 1630 1474 regem,

283 1476 411 1547 'quos
432 1474 661 1531 mitteretz
697 1484 778 1523 aut
798 1491 891 1535 eos,
914 1492 1031 1542 quos
1051 1476 1262 1536 misisset,
1278 1490 1372 1525 non
1392 1477 1631 1541 paruisse3

291 1547 390 1596 aut,
413 1539 497 1601 qui
517 1539 638 1586 dicto
654 1540 888 1588 audientes
908 1542 960 1589 in
980 1542 1110 1589 tanta
1130 1557 1180 1589 re
1201 1556 1295 1589 non
1313 1542 1525 1598 fuissent,
1554 1555 1635 1596 eos

289 1602 368 1715 {31¹¹
371 1603 873 1727 fflssfflm‘ffit?
874 1605 1639 1717 ‘ffiffmffffliam‘sffleffi

290 1745 388 1784 esse
421 1732 663 1791 nesciebat,
696 1748 755 1779 an
779 1733 1020 1781 Caecilium
1048 1734 1190 1781 istum
1219 1749 1445 1797 magnum
1475 1733 1641 1782 homi·-

291 1809 415 1869 nem.
421 1797 613 1858 putabat
629 1799 652 1844 ἓ
686 1813 826 1861 quem
848 1799 1050 1861 profecto
1069 1799 1127 1858 is,
1155 1798 1239 1861 qui
1258 1799 1432 1861 optime
1452 1807 1640 1846 nostros

181 1897 196 1904 ,
289 1858 498 1907 honunes
518 1862 662 1920 novit,
686 1862 758 1909 vel
779 1863 891 1926 quia
910 1865 1079 1920 nosset,
1103 1864 1177 1909 vel
1203 1862 1314 1926 quia
1342 1877 1435 1910 non
1458 1866 1638 1921 uomet,

286 1931 612 1972 contemneret.
652 1925 853 1974 Addidit
874 1926 1013 1974 etiam
1033 1927 1169 1986 illud,
1200 1927 1375 1990 equites
1395 1940 1491 1974 non
1512 1926 1645 1989 opti-

290 2002 393 2035 mos
413 1988 620 2037 misisse:
656 1998 844 2049 veteres,
867 1990 1017 2049 credo,
1050 1991 1234 2046 Caesarz
1268 1990 1387 2038 nihil
1412 1991 1474 2038 ad
1494 2000 1642 2038 tuum

246 2113 249 2117 Δ
291 2052 578 2116 equitatum:
615 2054 695 2101 sed
727 2055 854 2102 misit
883 2070 942 2102 ex
974 2055 1047 2115 iis,
1084 2070 1199 2118 quos
1232 2055 1414 2113 habuit,
1450 2056 1643 2104 electos.

291 2117 381 2164 Ait
402 2118 553 2165 nescio
574 2134 732 2182 quemw
746 2134 804 2165 ex
837 2134 891 2166 eo
921 2133 1114 2166 numero
1140 2133 1322 2166 servum
1352 2119 1644 2180 judicatum.

294 2182 406 2229 Non
426 2182 646 2230 arbitror:
682 2197 775 2230 non
798 2183 983 2230 audivi:
1019 2183 1099 2229 sed
1118 2183 1177 2245 *in
1198 2198 1268 2241 eo,
1284 2182 1434 2230 <etiam
1455 2184 1495 2231 si
1515 2184 1648 2233 acci·-

292 2245 451 2304 disset‚
475 2247 660 2309 culpam
681 2247 799 2309 regis
814 2248 994 2294 nullam
1010 2247 1151 2294 fiiisse
1172 2246 1426 2294 arbitrarer.

354 2310 447 2355 IX.
479 2311 651 2357 Alieno
684 2320 841 2357 autem
875 2327 904 2358 a
933 2321 978 2359 te
1012 2311 1168 2358 animo
1187 2310 1291 2365 fuit.
1337 2311 1605 2369 Quomodo
1620 2315 1647 2361 ἓ

284 2371 514 2436 Speravit,
528 2374 702 2432 (credo)
716 2374 919 2422 difficiles
937 2374 1022 2421 tibi
1033 2374 1334 2434 Alexandriae
1340 2376 1445 2441 ‘fore
1459 2379 1645 2438 esitus,

187 2462 196 2470 ,
283 2441 476 2501 propter
509 2436 704 2497 regionis
735 2447 950 2485 naturam
988 2445 1034 2485 et
1070 2438 1290 2485 fluminis.
1335 2440 1409 2487 At
1438 2456 1496 2488 eo
1534 2443 1650 2505 ipso

286 2502 493 2566 tempore
512 2501 754 2559 pecuniam
775 2501 925 2557 deditg
950 2502 1200 2558 exercitum
1222 2502 1338 2549 aluit
1354 2520 1368 2549 ε
1403 2504 1465 2563 ei,
1489 2521 1650 2569 quem

287 2556 419 2601 Aszae
438 2560 717 2618 praefeceras,
740 2564 871 2611 nulla
890 2565 942 2611 in
962 2580 1011 2612 re
1030 2565 1179 2612 defuit
1192 2582 1207 2611 ε
1242 2565 1328 2613 tibi
1344 2567 1524 2629 victori,
1541 2584 1649 2629 non

283 2617 439 2691 solum
460 2621 520 2666 ad
540 2621 807 2684 hospitium,
831 2627 909 2673 sed
931 2628 991 2674 ad
1011 2628 1267 2690 periculum
1298 2630 1458 2690 etiam,
1491 2642 1655 2706 atque

285 2678 347 2709 Ἀ
359 2694 521 2740 mein,
532 2693 694 2744 ptaesto
702 2687 805 2736 fuit.
824 2691 1044 2738 Secutum
1061 2699 1128 2739 est
1142 2693 1319 2741 bellum
1332 2694 1661 2748 Africanum
