1858 3020
292 209 395 260 loo.
585 205 724 256 PRO
756 204 1052 256 MILONE.
1084 205 1212 255 0³1².
1245 205 1324 254 21.

286 333 348 383 nd
365 332 551 383 insidias
578 334 694 383 illei
812 334 897 383 ubi
917 335 1142 398 congressi
1169 343 1294 392 sunt,
1315 332 1411 381 utri
1429 330 1618 380 tandem

285 397 425 446 fuerit
445 400 606 462 aptior.
650 400 677 447 1
731 415 853 460 vero,
869 399 1063 460 judiees,
1086 399 1224 446 etiam
1242 397 1551 446 dubitandum
1573 405 1620 444 et

289 461 462 511 diutius
483 464 777 526 cogitandum
798 473 865 512 est
879 466 902 511 Ρ
941 465 1070 511 Ante
1089 462 1287 511 fundum
1312 462 1479 521 Clodii,
1503 464 1619 525 (quo

287 525 338 573 in
359 526 520 587 fundo,
543 537 726 604 propter
746 529 928 576 insanas
949 528 1053 575 illas
1081 526 1451 584 substructiones,
1486 524 1620 572 facile

288 590 418 638 mille
437 591 680 639 hommum
706 593 1003 640 versabantur
1023 590 1294 649 valentium)
1319 590 1440 638 edito
1461 589 1621 637 edver-

290 655 415 766 ffi,
429 654 1231 770 ῗἙῒῖυῒἙᾞῗηέΨωᾷᾙᾛ
1237 654 1625 792 ῗᾷῗῶζοωψ*

178 822 183 827 .
284 782 463 831 simum
485 784 719 847 elegerat?
752 782 1625 857 anineoloeoestpotmsexspeetams

291 848 352 894 ab
373 863 444 908 eo,
467 847 565 911 qui,
583 848 725 912 ipsius
745 848 834 896 loci
854 863 951 912 spe,
974 848 1121 895 facere
1135 856 1364 910 impetum
1380 843 1624 908 cogitarat?

293 911 390 960 Res
408 912 630 977 loquitur,
649 912 842 973 judices,
864 912 995 976 ipsa3
1030 926 1135 974 quae
1147 926 1330 973 semper
1340 910 1460 957 valet
1479 908 1628 972 pluri-

292 990 442 1023 mum.
475 976 525 1024 Si
547 977 644 1024 haec
665 991 758 1024 non
774 985 901 1040 gesta
915 976 1147 1033 audiretis,
1166 975 1244 1023 sed
1255 974 1379 1039 picta
1391 972 1625 1028 videretis3

295 1047 453 1089 tamen
474 1050 725 1104 appareret,
735 1049 837 1088 uter
851 1051 966 1088 esset
985 1039 1238 1097 insidiator,
1249 1047 1351 1085 uter
1370 1037 1488 1084 nihil
1507 1036 1631 1099 eogi-

296 1111 413 1152 taret
433 1105 561 1163 mali,
593 1120 700 1153 cum
722 1105 836 1152 alter
863 1104 1103 1152 veheremr
1117 1103 1172 1150 in
1193 1101 1333 1150 rhedfi
1353 1101 1630 1169 paenuletus‚

296 1168 394 1216 unit
407 1169 579 1217 sederet
594 1184 724 1216 uxor.
759 1168 890 1228 Quid
901 1169 1070 1216 horum
1082 1182 1174 1215 non
1189 1166 1594 1230 impeditissimum
1604 1167 1629 1212 Ρ

296 1233 502 1292 vestitus,
525 1249 585 1281 an
600 1234 880 1293 vehiculum,
894 1248 955 1281 an
968 1235 1119 1280 eomes
1134 1234 1157 1279 Ρ
1180 1231 1294 1294 quid
1310 1230 1463 1277 minus
1474 1243 1633 1292 prom-

297 1304 401 1345 tum
423 1297 483 1345 ed
501 1313 725 1362 pugnam,
749 1313 856 1346 eum
876 1296 1062 1362 paenula
1082 1295 1298 1354 irretitus,
1320 1294 1463 1342 rheda
1482 1293 1633 1356 impe-

298 1360 439 1422 ditus,
471 1378 615 1411 uxore
650 1377 781 1425 paene
808 1361 1091 1422 constrictus,
1122 1369 1237 1408 esset
1252 1362 1274 1407 Ρ
1320 1359 1488 1407 Videte
1507 1371 1635 1405 nunc

298 1425 452 1484 illum,
486 1426 690 1489 primum
725 1426 1030 1489 egredientem
1065 1441 1090 1473 e
1118 1424 1246 1485 villa,
1285 1423 1437 1472 subito
1455 1439 1468 1469 ε
1504 1436 1588 1468 cur
1606 1423 1630 1468 Ρ

300 1489 506 1553 vesperiz
541 1489 655 1555 quid
688 1504 868 1539 necesse
897 1490 999 1538 est?
1031 1489 1186 1538 tardet
1222 1491 1306 1564 qui
1328 1485 1553 1545 convenit,
1583 1484 1635 1533 id

299 1554 551 1664 graesertim
583 1554 838 1617 temporis?
893 1553 1095 1603 Divertit
1127 1554 1177 1602 in
1212 1554 1370 1601 villam
1405 1548 1635 1613 Pompeii.

345 1617 579 1679 ompeium
600 1626 655 1665 ut
673 1618 876 1666 videret?
910 1620 1077 1668 sciebat
1097 1618 1147 1665 in
1168 1616 1374 1666 Alsiensi
1394 1631 1517 1670 esset
1549 1615 1637 1662 vil-

299 1682 395 1728 lam
417 1689 470 1728 ut
489 1681 761 1745 perspiceret
775 1685 798 1731 Ρ
830 1682 999 1731 millies
1019 1683 1069 1730 in
1090 1683 1145 1730 eii
1165 1683 1328 1729 fuerat.
1375 1680 1506 1740 Quid
1527 1693 1638 1742 ergo

301 1754 398 1793 erat
413 1748 435 1794 Ρ
468 1760 598 1794 mora
619 1755 665 1794 et
679 1747 1012 1810 tergiversatio:
1047 1747 1162 1794 dum
1178 1747 1254 1795 hie
1269 1746 1459 1805 veniret,
1481 1745 1640 1792 locum

301 1810 557 1873 relinquere
577 1810 738 1858 noluit.
1645 1829 1650 1838 ‘

366 1873 509 1922 XXI.
546 1876 655 1937 Age
669 1889 808 1933 nune,
832 1876 917 1923 iter
938 1875 1138 1939 expediti
1156 1875 1345 1922 latronis
1366 1888 1475 1922 eum
1492 1871 1643 1920 Milo-

302 1936 376 2002 nis
396 1938 735 2001 impedimentis
756 1948 1028 2003 comparate.
1064 1941 1253 2002 Semper
1273 1938 1353 1986 ille
1373 1937 1508 1985 antea
1528 1951 1639 1984 cum

302 2015 476 2058 uxore;
510 2009 613 2048 tum
635 2002 731 2050 sine
753 2004 834 2050 eae
871 2017 1113 2067 nunquam
1141 2016 1235 2050 non
1257 2000 1501 2058 in‘rheditg
1535 2008 1642 2047 tum

302 2065 352 2113 in
374 2081 506 2130 equo.
554 2066 755 2114 Comites
782 2063 1001 2132 Graeculi,
1038 2082 1327 2132 quocumque
1355 2066 1468 2124 ibat,
1501 2064 1644 2111 etiam

303 2146 410 2179 cum
433 2130 482 2178 in
503 2139 649 2179 castra
669 2130 866 2179 Etrusca
879 2133 1179 2195 properabam
1215 2139 1318 2177 tum
1338 2143 1570 2192 nugarum
1591 2128 1644 2175 in

304 2196 524 2244 comitatu
540 2195 670 2242 nihil.
705 2195 845 2255 Milo,
861 2196 940 2259 qui
955 2211 1213 2259 nunquam,
1232 2203 1335 2242 tum
1356 2209 1462 2241 casu
1476 2205 1645 2255 pueros

303 2275 326 2306 s
408 2260 654 2324 phonieeos
675 2253 831 2307 uxoris
851 2260 1061 2320 ducebat,
1092 2267 1138 2307 et
1158 2259 1428 2306 ancillarum
1449 2271 1610 2319 greges
1624 2272 1641 2302 ε

307 2323 320 2335 ’
358 2340 399 2383 e,
423 2324 506 2388 qui
527 2339 704 2387 semper
720 2339 872 2372 secum
896 2333 1057 2381 scorta,
1081 2337 1259 2386 semper
1280 2323 1497 2379 exoletos,
1521 2335 1646 2367 sem-

304 2402 389 2449 per
408 2389 543 2451 lupas
571 2389 770 2445 duceret,
801 2397 906 2435 tum
933 2388 1181 2447 neminem,
1220 2386 1308 2433 nisi
1341 2394 1396 2432 ut
1425 2385 1580 2432 virum
1615 2399 1646 2430 a

306 2450 404 2497 viro
424 2452 594 2498 lectum
616 2467 711 2499 esse
738 2452 920 2500 diceres.
956 2452 1054 2500 Cur
1073 2452 1216 2514 igitur
1231 2450 1378 2498 victus
1398 2457 1467 2496 est
1482 2451 1505 2496 Ρ
1532 2448 1647 2511 quin.

306 2525 400 2559 non
423 2528 600 2575 semper
617 2515 762 2562 viator
771 2532 799 2563 a
812 2517 1006 2574 latrone,
1025 2515 1359 2577 nonnunquam
1372 2513 1512 2561 etiam
1525 2512 1647 2559 latro

297 2583 339 2621 'a
349 2575 536 2633 viatore,
553 2577 792 2628 occiditure
818 2579 945 2643 quia,
959 2594 1243 2642 quamquam
1264 2585 1451 2641 paratus
1474 2576 1526 2623 in
1552 2575 1646 2623 im-

309 2646 492 2700 paratos
514 2637 720 2700 Clodius,
738 2650 892 2689 tamen
913 2643 1080 2690 mulier
1094 2642 1313 2690 ineiderat
1334 2641 1383 2687 in
1404 2640 1539 2688 vim&
1623 2661 1633 2670 =·
1671 2653 1678 2658 “
1775 2679 1788 2688 .

296 2721 303 2729 ·
378 2701 480 2749 Nec
501 2716 608 2749 vero
628 2703 691 2751 sie
712 2712 808 2752 erat
821 2720 1031 2768 unquam
1048 2720 1142 2755 non
1154 2713 1342 2770 paratus
1356 2704 1482 2753 Milo
1496 2711 1656 2753 eontra
