1858 3020
499 202 907 251 PHILIPPICA
942 200 1033 247 vl.
1067 200 1195 250 (ΖΑΓ.
1229 204 1274 257 7.
1452 206 1549 254 295

215 333 334 380 meis
354 332 535 381 civibus
547 333 573 378 ἰ’
607 347 698 380 non
721 331 817 380 dies
837 339 1083 392 noctesque
1095 330 1152 377 de
1168 332 1316 379 vestri
1327 333 1551 392 fibertate,

213 397 276 444 de
296 396 565 460 reipublicae
576 397 738 455 salute,
752 395 948 459 cogitem
963 397 986 442 ?
1019 394 1150 452 Quid
1171 395 1294 442 enim
1307 411 1400 444 nou
1415 397 1558 445 debeo

220 461 371 517 vobis,
395 460 618 519 Quirites,
650 475 792 522 quem
825 474 922 518 vos,
955 474 984 506 a
1017 473 1066 505 se
1093 467 1266 518 ortum,
1294 459 1560 510 hominibus

221 524 538 583 nobilissimis,
573 525 791 571 omnibus
829 522 1097 581 honoribus,
1141 523 1439 586 praetulistis?
1479 525 1562 572 An

220 588 437 652 ingratus
466 604 568 636 sum
581 588 604 634 ἰ’
638 587 743 652 quis
774 587 932 635 minus
945 586 968 632 ἰ’
1001 586 1100 651 qui,
1132 586 1279 651 partis
1297 588 1564 646 honoribus,

224 652 412 700 eosdem
451 652 666 715 gesserim
691 651 744 698 in
777 648 1093 709 foro'labores,
1119 667 1240 714 quos
1269 651 1319 698 in
1347 651 1567 715 petendis.

227 716 387 763 Rudis
420 716 471 763 in
504 716 739 779 republica
757 719 779 764 ἱ)
826 715 931 778 quis
945 715 1231 763 exercitatior
1244 719 1266 763 ?
1303 716 1386 778 qui
1407 715 1570 778 viginti

218 782 330 841 jam
353 794 497 827 annos
517 780 693 828 bellum
714 795 871 842 geram
893 795 1002 827 cum
1022 779 1178 842 impiis
1198 780 1388 828 civibus.

293 843 419 891 VII.
455 844 790 903 Quamobrem,
827 843 1051 904 Quirites,
1095 844 1301 905 consilio,
1344 852 1574 908 quantum

230 916 414 971 potero,
451 907 622 967 labore,
652 906 774 973 plus³
792 923 924 972 paene
949 923 1092 971 quam
1127 916 1302 970 potero,
1340 910 1576 957 excubabo

232 972 530 1035 vigilaboque
552 988 638 1035 pro
670 972 813 1019 vobis.
847 972 1039 1020 Etenim
1073 971 1178 1035 quis
1197 980 1266 1019 est
1285 971 1413 1033 civis,
1441 975 1579 1035 (proe-

234 1035 395 1083 sertim
415 1036 503 1083 hoc
522 1036 687 1099 gradu,
710 1051 804 1100 quo
824 1051 901 1084 me
922 1051 1003 1084 vos
1023 1051 1118 1084 esse
1137 1036 1364 1096 voluistis)
1387 1045 1483 1084 tam
1497 1038 1582 1084 ob-

235 1100 352 1147 litus
373 1100 582 1148 beneficii
603 1101 756 1160 vestri,
780 1109 876 1148 tam
897 1101 1143 1148 immemor
1174 1101 1352 1165 patriae,
1375 1109 1473 1148 tam
1507 1101 1579 1148 in-

234 1163 407 1210 imicus
425 1163 661 1226 dignitatis
682 1181 794 1224 suae,
817 1179 959 1228 quem
979 1179 1072 1211 non
1086 1166 1267 1224 excitet,
1285 1180 1379 1212 non
1400 1164 1583 1213 inflam-

237 1236 357 1286 met,
388 1236 544 1276 tantus
564 1229 651 1276 iste
670 1238 816 1277 vester
836 1244 1082 1277 consensus
1097 1231 1120 1276 ἒ
1155 1229 1336 1276 Multas
1369 1243 1584 1292 magnas-

237 1307 336 1354 que
374 1291 520 1339 habui
549 1294 709 1341 consul
742 1293 1011 1348 conciones;
1044 1292 1205 1339 multis
1220 1292 1410 1340 interfui
1427 1310 1442 1340 z
1476 1294 1584 1340 nul-

239 1355 342 1402 lam
378 1371 588 1418 unquam
615 1356 711 1404 vidi
743 1365 940 1417 tantam,
968 1364 1143 1421 quanta
1168 1371 1293 1404 nunc
1326 1365 1476 1405 vestra
1500 1365 1585 1404 est.

242 1420 416 1467 Unum
451 1420 625 1468 sentitis
642 1436 834 1480 omnes,
870 1435 1022 1469 unum
1057 1419 1263 1481 studetis,
1290 1421 1366 1468 M.
1387 1420 1586 1470 Antonii

231 1487 469 1533 conatum
490 1492 691 1533 avertere
719 1502 749 1534 a
769 1485 1021 1549 republica,
1048 1485 1250 1534 fluorem
1279 1486 1584 1551 exstInguere,

243 1548 513 1611 opprimere
544 1550 796 1598 audaciam.
832 1549 968 1598 Idem
995 1551 1157 1597 volunt
1181 1566 1340 1599 omnes
1373 1552 1582 1601 ordines:

237 1613 416 1660 eodem
435 1613 713 1662 incumbunt
731 1614 1001 1677 municipia,
1023 1614 1227 1674 coloniae,
1250 1624 1413 1665 cuncta
1435 1616 1587 1664 Italia.

246 1677 422 1739 Itaque
443 1687 671 1737 semanim,
688 1680 775 1726 sua
795 1688 956 1741 sponte
976 1682 1092 1727 bene
1111 1678 1318 1740 firmum,
1340 1681 1590 1729 firmiorem

221 1741 407 1788 westre
428 1742 695 1790 auctoritate
713 1742 896 1790 fecistis.
1141 1749 1145 1760 ‘
1416 1743 1421 1750 '

247 1843 256 1847 ,
317 1804 467 1853 Venit
486 1813 684 1869 tempus,
708 1806 933 1866 Quirites,
956 1807 1098 1857 serius
1115 1809 1306 1857 omnino
1326 1825 1470 1874 quam
1490 1809 1594 1872 ‹lig-

249 1884 377 1917 num
395 1870 570 1932 populo
604 1871 819 1918 Romano
838 1870 946 1932 fuit,
969 1872 1048 1920 sed
1077 1882 1231 1921 tamen
1251 1874 1317 1921 ita
1336 1882 1592 1932 maturum,

241 1945 312 1981 :ut
344 1932 518 1980 differri
540 1935 641 1994 jam
666 1934 781 1983 hora
807 1950 901 1983 non
922 1938 1079 2001 possit.
1113 1938 1226 1985 Fuit
1246 1938 1414 2001 aliquis
1443 1936 1596 1985 fatalis

245 2012 408 2054 essue,
445 2006 500 2044 ut
526 1997 593 2045 ita
619 1998 788 2058 dicam,
824 2016 964 2064 quem
998 2002 1209 2062 tulimus,
1246 2018 1310 2064 qu
1370 2017 1433 2048 uo
1461 1999 1600 2047 modo

243 2060 480 2110 ferendus
510 2061 602 2109 fuit
618 2079 633 2109 ε
667 2078 807 2124 nunc,
842 2065 884 2113 si
916 2067 1022 2130 quis
1050 2066 1150 2125 erit,
1188 2064 1275 2112 erit
1299 2080 1357 2111 vo
1375 2062 1598 2110 antei-iuss

257 2125 506 2189 Populum
536 2126 804 2175 Romanum
833 2132 999 2179 servire
1018 2131 1088 2177 fas
1113 2143 1205 2176 non
1235 2134 1321 2185 est,
1356 2140 1497 2188 quem
1519 2124 1603 2171 Dii

257 2189 549 2237 immortales
584 2192 799 2241 omnibus
831 2194 1047 2256 gentibus
1083 2193 1309 2253 imperare
1345 2189 1602 2236 voluerunt.

246 2254 366 2303 .Res
387 2252 436 2299 in
470 2262 728 2303 extremum
750 2267 818 2304 est
844 2256 1044 2304 adducta
1067 2252 1325 2301 discrimen.
1361 2250 1437 2299 De
1468 2251 1607 2298 liber-

251 2317 641 2370 medensi-nitur.
675 2321 782 2369 Aut
791 2319 999 2376 vineatis,
1013 2323 1206 2381 oportet,
1221 2314 1444 2375 Quirites,
1462 2316 1609 2379 (quod

264 2382 478 2447 profoeto
504 2391 551 2429 et
576 2384 745 2446 pietate
765 2384 932 2443 vestri,
960 2391 1006 2431 et
1026 2381 1155 2430 tanta
1175 2379 1432 2441 concordia,
1454 2395 1612 2429 conse·

265 2446 502 2512 quemini)
532 2456 614 2494 sut
642 2447 824 2511 quidvis
858 2448 1029 2512 potius,
1064 2461 1209 2510 quam
1237 2445 1454 2492 serviatis.
1487 2445 1614 2492 Aliae

268 2511 483 2560 nationes
519 2511 786 2559 servitutem
821 2511 919 2573 pati
953 2518 1178 2575 possunt3
1212 2508 1375 2571 populi
1410 2508 1614 2557 Romani

271 2574 401 2639 [res]
420 2582 490 2623 est
509 2575 695 2638 propris
714 2576 913 2623 libertas.
