1858 3020
318 176 383 229 24
606 178 745 242 PRO
777 177 1075 233 M1110NE·
1105 177 1240 231 cu.
1275 178 1358 229 u:

318 302 409 351 fuit
428 304 759 368 ultorinjuriae,
882 307 894 319 ·
985 306 1255 359 Μυήσιοι
1287 303 1456 364 Quid?
1478 303 1658 363 sihmo,-

318 381 413 414 non
434 367 552 424 dico,
573 372 748 432 maiora
959 371 1203 430 includit»,
1220 385 1362 434 quam
1381 368 1431 416 in
1448 368 1652 427 Milone,

319 431 468 479 sedin
494 433 575 481 illo
611 436 833 495 maxima,
861 435 1060 484 nullain
1093 436 1210 493 hoc;
1244 434 1358 498 quid
1378 433 1517 481 vultis
1544 447 1650 481 am-

319 495 442 558 plius
456 497 479 542 '1'
512 498 642 558 Quid
658 500 786 548 enim
806 500 975 548 odisset
990 500 1207 548 Clodium
1228 499 1366 557 Milo,
1381 506 1582 560 segetem
1595 510 1653 543 ac

319 561 557 638 materian]
592 579 688 612 tue
713 565 887 638 gloriae,
910 574 1072 657 preter
1092 565 1179 615 hoc
1199 563 1329 611 civile
1354 561 1530 636 odium,
1554 575 1654 634 quo

316 628 967 741 wmssz’sst’ssfflffing
1002 626 1655 751 fflfflwffiem

317 752 500 813 furoris,
517 755 787 804 domitorem
803 771 1037 804 armorum
1050 771 1255 815 suorum,
1272 763 1500 830 postremo
1511 753 1655 827 etiam

318 826 623 868 accusatorem
644 836 783 868 suum
799 838 813 866 =
849 832 953 867 reus
975 821 1099 868 enirn
1122 820 1332 878 Milonis,
1354 820 1455 881 lege
1478 817 1654 874 Pinna,

317 880 407 927 fuit
438 882 645 942 Clodius,
680 884 833 948 quoad
854 885 983 931 vixit.
1017 886 1127 943 Quo
1157 883 1342 931 tandem
1372 883 1528 930 animo
1563 881 1656 931 hoc
1693 918 1702 927 ,

319 952 564 1006 tyrannum
589 947 745 996 tulisse
760 948 939 997 creditis
958 951 980 996 ἒ
1014 956 1241 1012 quantum
1254 947 1411 995 odium
1426 946 1569 1006 illius,
1584 953 1647 1005 et,

319 1007 368 1055 in
389 1009 575 1059 homine
596 1012 782 1073 injusto,
805 1028 947 1076 quam
969 1013 1106 1060 etiam
1124 1012 1337 1075 justum?

384 1073 527 1123 XIV.
562 1076 817 1141 Reliquum
842 1085 925 1134 est,
955 1085 1008 1124 ut
1032 1078 1133 1137 jam
1156 1077 1292 1124 illum
1312 1083 1476 1123 namra
1504 1073 1650 1137 ipsius

319 1140 691 1204 consuetudoque
721 1140 953 1200 defendat,
989 1141 1113 1188 hunc
1155 1149 1310 1188 autem
1351 1139 1449 1187 haec
1485 1138 1648 1187 eadem

318 1212 579 1264 coarguant.
616 1205 750 1252 Nihil
785 1221 865 1268 per
890 1205 987 1253 vim
1017 1220 1081 1252 un
1116 1220 1224 1255 uam
1251 1204 1455 1262 Clodius,
1490 1203 1649 1255 omnia

317 1280 400 1328 per
421 1267 516 1314 vim
546 1269 682 1316 Milo.
716 1269 847 1329 Quid
875 1285 1000 1332 ergo,
1022 1269 1076 1329 ju
1112 1269 1234 1319 'cesi’
1268 1284 1391 1325 cum,
1418 1268 1650 1317 moerenti-

316 1330 407 1377 bus
429 1332 573 1392 vobis,
606 1334 732 1381 Urbe
752 1334 882 1393 cessi,
913 1333 1201 1394 iudiciumne
1220 1332 1358 1381 timui
1372 1336 1394 1381 ἓ
1428 1348 1521 1381 non
1555 1348 1650 1380 ser-

316 1409 413 1453 vos,
436 1409 531 1443 non
562 1412 706 1455 arma,
729 1411 823 1446 non
849 1399 944 1445 vim
960 1398 982 1443 ?
1015 1398 1138 1455 Quae
1163 1397 1321 1445 fuisset
1347 1396 1488 1460 igitur
1510 1412 1649 1447 causa

313 1458 441 1519 justa
472 1461 740 1509 restituendi
766 1463 875 1521 mei,
903 1462 992 1510 nisi
1018 1461 1178 1510 fuisset
1210 1461 1381 1523 injusta
1400 1461 1609 1523 ejiciendi
1624 1461 1647 1508 ’Ξ

318 1522 461 1570 Diem
482 1525 599 1570 mihi
621 1526 795 1584 (credo)
817 1527 994 1574 dixerat
1008 1545 1022 1574 ε
1056 1527 1255 1574 multam
1289 1526 1508 1590 irrogarat
1521 1544 1535 1573 ε
1557 1543 1649 1576 ἐο-

267 1648 272 1653 .
313 1585 485 1633 tionem
501 1588 823 1650 perduellionis
844 1590 1099 1642 intenderat
1113 1608 1128 1637 ε
1153 1590 1328 1639 etmihi
1349 1590 1571 1649 videlicet,
1595 1591 1646 1638 in

314 1650 453 1698 causa
485 1661 567 1699 aut
601 1654 728 1701 malni
759 1662 842 1702 aut
868 1656 998 1714 mea,
1028 1670 1122 1703 non
1150 1664 1197 1702 et
1224 1654 1567 1718 praeclariaeima
1600 1664 1648 1706 et

316 1716 483 1774 vestra,
501 1717 728 1777 judicium
755 1718 1014 1767 timendum
1036 1719 1139 1767 fuit.
1172 1720 1417 1767 Servorum
1442 1729 1490 1768 et
1509 1734 1648 1782 egen-

314 1778 435 1826 tium
456 1780 626 1829 civium
648 1791 693 1831 et
713 1782 1067 1831 facinorosorum
1080 1783 1219 1831 armis
1234 1799 1361 1832 meos
1381 1784 1517 1841 cives,
1529 1784 1649 1832 meis

314 1843 512 1891 consiliis
532 1845 833 1909 periculisque
854 1857 1067 1906 servatos,
1088 1863 1172 1911 pro
1193 1863 1270 1895 ine
1289 1848 1427 1909 objici
1447 1848 1592 1895 nolui.

380 1907 493 1954 Vidi
514 1909 655 1967 enim,
679 1910 789 1969 vidi,
812 1911 939 1959 hunc
966 1911 1120 1975 ipsum
1145 1911 1208 1971 Q.
1233 1911 1553 1971 Hortensium,
1571 1913 1650 1959 lu-

314 1984 423 2018 men
445 1980 491 2019 et
519 1983 840 2022 ornamentum
869 1976 1148 2038 reipublicae,
1171 1990 1301 2039 paene
1335 1976 1528 2024 interfici
1555 1992 1649 2024 ser-

315 2050 478 2083 vorum
498 2052 659 2096 manu,
687 2054 794 2086 cum
828 2040 946 2086 mihi
972 2041 1147 2088 adesset
1170 2057 1184 2087 ι
1219 2041 1315 2103 qua
1342 2040 1391 2087 in
1422 2040 1560 2088 turb&
1590 2041 1648 2089 C.

314 2098 558 2160 Vibienus,
582 2113 776 2161 senator,
807 2104 875 2150 vir
902 2105 1121 2167 optimus,
1150 2119 1255 2152 cum
1285 2103 1373 2153 hoc
1401 2120 1510 2152 cum
1530 2113 1650 2154 esset

312 2164 425 2223 una,
463 2165 529 2213 ita
562 2176 631 2215 est
662 2168 902 2227 multatus,
940 2178 994 2216 ut
1028 2169 1168 2218 vitam
1203 2167 1427 2217 amiserit..
1461 2170 1650 2232 Itaque,

312 2230 499 2291 quando
519 2230 643 2278 illius
665 2240 821 2294 postea
841 2232 935 2279 sica
961 2233 1059 2290 ina,
1082 2247 1225 2296 quam
1247 2249 1276 2280 a
1296 2231 1501 2284 Catilina
1520 2248 1649 2282 acoe-

311 2302 457 2354 perat,
495 2295 755 2359 conquievit
770 2296 793 2341 P
826 2297 945 2344 Haec
977 2297 1201 2345 intentata
1237 2296 1370 2346 nobis
1402 2305 1470 2344 est
1487 2314 1503 2344 z
1537 2296 1652 2347 huic

310 2370 395 2416 ego
412 2373 490 2405 vos
510 2360 647 2420 objici
666 2375 750 2421 pro
762 2375 838 2407 me
853 2375 946 2407 non
963 2377 1066 2407 sum
1089 2377 1277 2423 passusz
1312 2360 1413 2409 haec
1431 2361 1652 2410 insidiata

302 2413 533 2482 'Pompeio
554 2431 622 2469 est
635 2440 649 2469 ε
689 2422 787 2471 haec
807 2425 942 2470 istam
959 2425 1185 2487 Appiam,
1208 2425 1550 2474 monimentum
1571 2425 1650 2476 sui

308 2482 525 2542 nominis,
556 2499 665 2534 nece
686 2487 861 2550 Papirii
881 2488 1161 2538 cruentavit:
1197 2488 1312 2543 haec,
1336 2489 1437 2537 haee
1462 2490 1647 2552 eadem,

306 2543 447 2605 longo
478 2545 731 2607 intervallo,
761 2564 976 2598 conversa
1000 2567 1157 2600 rursus
1182 2560 1249 2599 est
1276 2552 1325 2599 in
1352 2568 1430 2602 me
1445 2570 1460 2601 ε
1495 2568 1649 2618 nuper

309 2606 516 2679 quidem,
539 2618 593 2681 ut
613 2612 749 2669 scitis,
772 2629 848 2662 me
868 2614 928 2660 ad
948 2615 1121 2677 regiam
1141 2630 1273 2690 paene
1294 2617 1503 2666 confecit.
1633 2661 1638 2666 .

110 2683 305 2724 ——2-
372 2669 502 2729 Quid
521 2672 671 2720 simile
705 2675 937 2724 Milonis?
970 2680 1191 2739 cujusvis
1216 2681 1368 2730 omnis
1400 2682 1647 2732 hocsem-
