1858 3020
279 193 345 240 ⁶4
583 190 664 241 IN
696 189 1032 241 PISONEM.
1060 189 1190 239 CA?-
1221 189 1302 237 35.

276 317 575 384 multumque
592 319 900 377 «inhiantem,
920 317 1217 378 oenfirmflffl,
1238 325 1285 366 et
1308 315 1607 365 Thessaloni-

279 396 382 430 cam
401 382 493 431 fide
512 384 596 432 tua
615 386 768 434 venire
784 385 959 447 jussisti
972 402 987 432 ε
1021 399 1162 448 quem
1181 397 1240 430 ne
1251 382 1481 442 majorum
1501 380 1607 444 qui-

280 445 388 494 dem
409 462 537 496 more
557 449 780 513 supplicio
792 449 995 508 affecisti,
1009 462 1117 497 cum
1131 448 1269 494 miser
1282 447 1361 493 ille
1376 444 1608 493 securibus

279 509 556 575 hospitissui
575 514 767 562 cervices
782 514 1004 575 subjicere
1022 511 1233 576 gestiretz
1267 509 1607 567 sedeimedieo,

282 589 422 638 quem
445 585 597 625 tecum
618 577 854 636 eduxeras,
888 576 1140 640 imperasti,
1173 584 1227 623 ut
1245 589 1384 622 venas
1409 572 1611 621 hominis

282 637 530 697 incideret3
566 655 675 689 cum
743 640 897 688 uidem
922 641 1008 688 tibi
1043 640 1181 688 etiam
1212 639 1403 687 secessio
1430 637 1523 684 fuit
1551 637 1613 684 ad

281 716 440 752 necem
462 705 674 764 Platoris,
739 706 958 763 leurams,
980 705 1079 765 ejus
1098 718 1265 762 comes,
1288 718 1427 766 quem
1443 700 1616 749 necasti

282 770 561 828 verberibus,
578 768 760 821 summa
774 777 1004 816 senectute
1015 767 1286 815 confectum.
1320 766 1547 829 Idemque
1563 774 1617 812 tu

285 831 622 893 Rabocentum,
646 833 844 882 Bessicae
863 832 1011 896 gentis
1038 832 1308 895 principem,
1328 844 1436 904 cum
1457 839 1504 877 te
1525 838 1618 877 tre-

284 897 427 944 centis
448 899 628 946 talentis
648 898 745 961 regi
773 899 909 946 Cotto
927 897 1218 954 vendidisses,
1253 909 1401 943 secun
1431 909 1619 957 percus-

285 961 413 1018 εἰςείς
448 977 557 1009 cum
575 963 655 1010 ille
675 963 735 1010 ad
754 971 801 1010 te
819 962 999 1024 legatus
1017 960 1067 1008 in
1086 958 1619 1016 casnavenisseuettibi

285 1038 456 1087 magna
475 1026 684 1100 praesidia
704 1035 750 1075 et
761 1026 937 1073 auxilia
950 1042 980 1074 a
994 1025 1148 1073 Bessis
1162 1023 1370 1087 peditum
1383 1022 1619 1086 equitum-

264 1112 267 1113 ⁷
287 1104 379 1151 que
390 1089 676 1152 polliceretur
689 1108 703 1138 ε
727 1106 878 1154 neque
890 1104 999 1138 eum
1012 1089 1179 1147 solum,
1193 1087 1272 1135 sed
1280 1087 1418 1134 etiam
1429 1095 1618 1134 caeteros

286 1152 477 1228 legatos,
500 1155 583 1217 qui
601 1155 742 1231 simul
761 1163 1009 1230 vener-anu
1033 1167 1232 1228 quorum
1244 1151 1453 1226 omnium
1466 1151 1620 1214 capita

288 1218 1108 1348 zffi‘zffissfflfflff
1119 1219 1430 1354 fflfflzz,
1438 1228 1624 1327 “effi

288 1360 446 1393 rorum
469 1347 1048 1405 defectioneMacedonica,
1066 1347 1120 1394 C.
1134 1347 1345 1393 Sentium
1358 1352 1620 1406 praetorem,

289 1417 438 1458 tutata
457 1420 542 1468 est)
564 1411 790 1458 nefarium
810 1410 988 1459 bellum
1008 1419 1054 1459 et
1073 1410 1254 1458 crudele
1268 1407 1465 1455 intulisti
1482 1425 1497 1454 a
1533 1408 1623 1455 eis-

289 1488 382 1537 que
401 1489 508 1522 cum
529 1474 801 1523 fidelissimis
835 1476 965 1525 sociis
999 1475 1070 1524 uti
1103 1489 1270 1539 posses,
1305 1471 1516 1521 hostibus
1550 1470 1624 1520 uti

289 1537 517 1584 acerrimis
537 1539 755 1586 maluisti.
802 1540 879 1587 Ita
911 1549 1153 1603 perpetuos
1181 1538 1435 1585 defensores
1457 1537 1623 1585 Mace·

288 1601 454 1661 doniae,
490 1611 724 1649 vexatores
756 1618 810 1650 ac
837 1604 1086 1666 perditores
1122 1602 1320 1650 effecisti.
1365 1601 1626 1664 Vectigalia

289 1675 444 1713 nostra
463 1666 803 1728 perturbarunt,
821 1669 957 1714 urbes
970 1674 1200 1731 ceperunt,
1218 1665 1457 1715 vastarunt
1468 1679 1621 1728 agros,

292 1730 434 1778 socios
453 1741 629 1778 nostros
653 1731 702 1777 in
723 1730 989 1779 servitutem
1004 1732 1312 1787 abduxerunt,
1329 1729 1528 1777 familias
1542 1732 1627 1777 ab-

287 1794 543 1857 ripuerunt,
566 1810 704 1857 pecus
731 1797 1011 1858 abegerunt3
1045 1794 1488 1853 Thessalonicenses,
1515 1808 1628 1841 cum

290 1873 352 1921 op
383 1856 460 1905 ido
481 1857 806 1922 desperassent,
828 1860 1009 1912 munire
1031 1874 1180 1907 arcem
1199 1863 1458 1921 coegerunt.

406 1920 569 1968 XXV.
607 1922 653 1969 A
679 1930 725 1970 te
753 1923 886 1970 Jovis
914 1923 1020 1971 Urii
1052 1922 1214 1970 fanum
1248 1921 1626 1986 antiquissimum

288 1987 586 2034 barbarorum
600 1986 1028 2050 sanctissimumque
1047 1988 1278 2050 direptum
1291 1996 1372 2034 est.
1406 1986 1518 2033 Tua
1530 2001 1628 2033 sce-

288 2050 384 2097 lera
404 2049 488 2096 Dii
507 2049 787 2098 immortales
813 2051 863 2098 in
884 2061 1061 2099 nostros
1092 2051 1260 2099 milites
1289 2050 1624 2114 expiaveruntg

289 2115 373 2178 qui
392 2130 500 2162 cum
522 2130 616 2162 uno
635 2130 799 2177 genere
818 2116 970 2162 morbi
985 2115 1309 2189 affligerentur,
1323 2129 1474 2177 neque
1488 2130 1539 2161 se
1556 2130 1629 2189 re-

289 2188 906 2307 ἓῖῗῃέξίῗᾬῗηῆἳίἶὲ
929 2178 1519 2307 {Qfflffi's'gffizfi}
1519 2180 1631 2305 ¹¹1⁷?ss

291 2307 382 2353 cati
406 2318 545 2370 atque
572 2308 680 2356 socii
709 2308 882 2356 nefario
915 2309 1037 2355 bello
1065 2308 1274 2367 lacessiti,
1309 2306 1418 2353 fana
1438 2315 1627 2365 vexata,

289 2368 409 2415 hanc
430 2374 606 2417 tantam
623 2372 847 2419 efficerent
866 2372 1137 2420 vastitatem.
1172 2370 1418 2433 cognoscis
1438 2385 1498 2417 ex
1517 2385 1632 2432 par..

290 2430 434 2477 ticula
453 2433 596 2493 pal-vii
616 2436 836 2483 scelerum
857 2443 904 2483 et
923 2434 1202 2483 crudelitatis
1228 2443 1321 2481 tuae
1352 2448 1499 2497 genus
1518 2434 1629 2481 uni·

291 2507 489 2539 versum.

353 2554 484 2612 Quid
505 2558 721 2618 avaritiae,
744 2576 849 2623 quae
876 2560 1145 2609 criminibus
1164 2560 1356 2609 infinitis
1386 2560 1634 2624 implicata

294 2624 380 2675 est,
410 2633 642 2666 summam
674 2636 799 2670 nunc
826 2623 1052 2685 explicem
1067 2626 1089 2671 Ρ
1124 2624 1391 2672 Generatim
1424 2640 1496 2685 ea,
1522 2641 1637 2690 quae

146 2679 495 2731 ⁴...n-maixime
513 2690 624 2731 nota
643 2693 767 2744 sunt,
788 2686 955 2736 dicam.
988 2686 1160 2734 Nonne
1180 2689 1437 2738 sestertium
1458 2689 1635 2742 oenties
