1858 3020
528 479 614 538 IN
652 479 739 538 M.
779 477 1215 539 ANTONIUM

571 616 576 621 ’
606 625 904 688 thfflca
931 625 1121 681 Quanta.

279 752 324 801 1.
358 752 542 801 Nmn„
565 768 774 817 unquam
786 753 968 816 longius
979 753 1053 802 his
1076 751 1293 802 Calendis
1306 750 1344 801 J
1344 766 1544 803 anuarns

214 817 330 864 mihi
351 817 501 865 vis'um
525 826 607 877 est,
662 828 779 875 atres
801 817 1067 881 conscripti·
1093 817 1218 883 quod
1231 816 1355 864 idem
1375 816 1547 863 intelli·

214 884 377 955 gebam
405 897 487 945 per
517 881 601 929 hos
621 834 750 930 Stes
746 882 936 946 unicuiq
934 898 994 929 ue
1014 885 1215 930 vestrum
1244 880 1400 929 videri.
1447 878 1548 938 Qui

217 945 339 992 enim
363 947 540 993 bellum
561 961 667 994 cum
696 899 936 1009 republica
952 955 1134 1009 gerunt,
1158 947 1283 994 hunc
1308 944 1430 993 diem
1451 958 1545 991 non

215 1012 563 1072 exspectabant.
598 1025 681 1057 nos
696 1019 852 1058 autem
874 1019 993 1069 tum,
1012 1026 1118 1058 cum
1139 1009 1343 1058 maxime
1363 1007 1550 1057 consilio

215 1084 367 1121 nostro
380 1074 618 1121 subvenire
625 1074 859 1123 communi
872 1075 1009 1122 saluti
1023 1084 1264 1138 oporteret,
1274 1074 1322 1120 in
1336 1081 1548 1121 senatum

215 1151 308 1184 non
328 1139 616 1187 vocabamur.
651 1138 742 1186 Sed
762 1140 999 1213 querelam
1017 1139 1348 1202 paeteritorum
1370 1137 1550 1185 dierum

215 1202 401 1249 sustulit
420 1202 563 1249 oratio
584 1202 853 1261 consulum,
889 1203 973 1267 qui
986 1203 1053 1250 ita
1070 1203 1211 1251 locuti
1230 1210 1354 1262 sunt,
1377 1210 1432 1249 ut
1450 1216 1557 1266 ma·-

215 1237 1551 1394 viassssmex‘ssffl‘itffiessfflssffiffiukqffiffissffl

214 1362 1551 1541 fflss‘fflfflmszitgssaszffizffissffiss

213 1537 291 1571 me
310 1524 620 1598 perturbasset
640 1525 740 1585 ejus
769 1477 1007 1584 senteri’tia,
1043 1524 1125 1589 qui
1160 1526 1337 1589 primus
1365 1533 1553 1589 rogatus

214 1596 298 1644 est,
323 1587 415 1634 nisi
437 1598 596 1636 vestrae
611 1588 768 1636 virtuti
788 1589 1143 1653 constantiaeque
1163 1589 1449 1639 confiderem.

279 1652 379 1699 Hic
400 1651 524 1699 enim
546 1652 687 1708 vobis,
706 1664 856 1715 patres
872 1654 1129 1716 conscripti,
1146 1654 1241 1702 dies
1261 1655 1433 1716 illuxit,
1449 1654 1550 1702 hoec

210 1725 416 1779 potestas
436 1715 544 1763 data
557 1725 640 1775 eet,
656 1725 725 1775 ut,
743 1726 972 1793 quantum
992 1718 1236 1782 virtutiffiq
1235 1728 1430 1767 uantum
1443 1733 1551 1767 eon-

210 1780 411 1839 stantia»,
430 1789 659 1844 quantum
678 1781 929 1843 gravitatis,
948 1782 998 1829 in
1014 1782 1154 1844 hujus
1175 1783 1344 1831 ordinis
1364 1782 1551 1830 consilio

208 1854 343 1905 esset,
370 1844 548 1919 populo
580 1845 796 1893 Romano
825 1845 1051 1894 declarare
1086 1848 1288 1910 possetis.
1323 1846 1553 1895 Recorda-

208 1908 348 1970 mini‚
373 1910 458 1972 qui
478 1908 575 1956 dies
605 1909 1136 1959 nudiustertiusdecimus
1163 1911 1317 1969 fuerit,
1351 1920 1552 1985 quantus

208 1988 462 2021 consensus
483 1976 698 2047 vestrum,
721 1982 895 2036 quanta
906 1975 1066 2036 virtus,
1081 1986 1254 2039 quanta
1268 1974 1549 2030 constantim

207 2046 443 2101 quantam
482 2036 578 2084 sitis
599 2053 628 2084 a
655 2038 827 2101 populo
854 2040 1070 2087 Romano
1097 2039 1301 2098 laudem,
1331 2046 1554 2111 quantam

207 2102 433 2164 gloriam,
448 2109 670 2177 quantam
682 2102 896 2178 gratiam,
915 2104 1156 2152 consecuti.
1180 2104 1366 2175 Atque
1362 2101 1442 2147 illo
1458 2100 1550 2157 die,

204 2174 367 2229 patres
398 2165 655 2240 conscripti,
678 2181 731 2213 ea
751 2167 1061 2225 constituistis,
1090 2174 1145 2212 ut
1172 2166 1300 2211 vobis
1321 2163 1470 2209 nihil
1453 2177 1554 2221 Jam

206 2230 270 2277 sit
282 2230 544 2292 integrum,
562 2230 649 2277 nisi
669 2239 751 2278 aut
770 2231 1083 2291 honestam,
1105 2235 1187 2275 aut
1206 2227 1382 2273 bellum
1402 2239 1554 2272 neces-

206 2294 407 2341 sarium.
461 2293 631 2342 Pacem
663 2295 766 2342 vult
802 2295 877 2341 M.
916 2291 1154 2340 Antonius
1169 2292 1191 2337 ?
1224 2304 1352 2335 arma
1382 2297 1554 2351 ponat;
1560 2327 1565 2332 .

204 2366 382 2432 roget3
418 2356 697 2431 deprecetur·
744 2358 996 2406 Neminem
1032 2354 1276 2417 aequiorem
1309 2367 1386 2401 me
1428 2368 1557 2430 repe-

202 2422 332 2469 riet.
370 2420 464 2481 cui,
488 2421 604 2468 dum
627 2437 674 2469 se
699 2422 874 2470 civibus
895 2420 1052 2483 impiis
1073 2417 1414 2477 commendats
1399 2418 1557 2465 mimi-

200 2501 294 2534 cus
319 2500 437 2544 esse,
461 2501 606 2559 quam
627 2487 819 2544 amicus,
851 2484 1032 2532 maluit.
1083 2482 1220 2530 Nihil
1241 2490 1309 2529 est
1338 2483 1557 2544 profecto,

199 2549 345 2613 quod
357 2550 460 2597 dari
480 2549 624 2624 possit
643 2550 819 2597 bellum
834 2546 1038 2620 gerenti.
1062 2546 1147 2594 erit
1157 2545 1344 2593 fortasse
1363 2544 1556 2608 aliquid,

200 2613 346 2680 quod
367 2612 556 2662 concedi
577 2613 719 2676 possit
738 2610 932 2673 roganti.

275 2678 359 2725 11.
396 2677 599 2740 Legatos
614 2689 720 2724 vero
740 2674 801 2721 ad
820 2688 928 2721 eum
949 2673 1146 2735 mittere,
1162 2671 1221 2720 de
1241 2686 1335 2735 quo
1349 2669 1560 2734 gravissi-
