1858 3020
499 214 907 278 rfflmm‘rcA
943 213 1095 267 xm.
1130 221 1257 267 ων.
1293 222 1371 267 21.
1513 221 1612 269 389

275 347 448 409 Caesar,
486 345 749 398 adolescens
782 348 968 397 summa
991 345 1171 412 'pietate
1199 354 1244 395 et
1277 348 1502 397 memoria
1535 362 1619 413 pa-

275 413 416 462 rentis
436 412 508 460 sui
526 415 549 459 Ρ
583 409 748 460 deinde
771 409 925 461 Pansa
954 418 1001 460 et
1028 409 1228 472 Hirtius,
1297 412 1348 458 ui
1369 413 1500 476 quasi
1517 427 1620 461 cor-

274 490 372 525 nua
393 474 488 525 duo
507 484 753 525 tenuerunt
776 475 987 537 Caesaris,
1002 484 1122 536 tum,
1146 491 1254 528 cum
1264 426 1368 523 ‹iflae
1388 489 1493 524 vere
1514 492 1619 540 par-

276 552 345 591 tes
374 543 654 592 vocabantur
671 543 694 590 9
729 541 822 590 Hae
842 555 950 592 vero
971 553 1077 605 quae
1098 548 1207 588 sum
1227 539 1395 604 partes,
1418 553 1526 588 cum
1547 540 1621 598 ‚al-

274 605 384 655 teris
404 609 587 653 senatsts
607 606 866 667 auctoritas,
890 603 1054 670 populi
1079 604 1280 653 Romani
1303 605 1505 663 libertas,
1534 604 1622 651 rei-

275 670 476 735 publicae
497 671 620 717 salus
651 670 883 734 proposita
904 669 999 727 sit;
1035 667 1186 720 alteris
1208 669 1352 720 caedes
1373 672 1621 728 bonorum,

276 733 697 848 grbigssltaliaeque
730 733 914 799 partitio
934 738 956 783 1³
990 731 1247 784 Veniamus
1276 731 1524 797 aliquando
1554 731 1614 780 ad

325 815 386 846 au
460 813 553 846 am.

340 858 492 911 XXI.
529 863 564 892 “
589 859 788 927 Legatos
809 857 963 912 venire
984 875 1077 911 non
1098 862 1284 922 credo,''
1401 859 1533 911 Bene
1552 876 1630 911 me

278 923 431 976 novit.
465 929 501 957 ‘⁸
523 925 831 994 Bellum'quo
860 929 1015 976 veniat
1033 929 1083 975 =’'
1114 929 1347 993 proposito
1375 927 1628 994 praesertim

279 991 496 1057 exemplo
517 987 789 1041 Dolabellae.
823 993 1059 1041 sanctiore
1081 1002 1215 1040 erunt
1244 989 1418 1050 (credo)
1437 991 1542 1054 jure
1561 990 1630 1039 le-

277 1055 394 1121 gati,
435 1069 578 1121 quam
617 1057 710 1104 duo
740 1058 965 1117 consuleS,
1002 1066 1160 1105 contra
1189 1072 1305 1121 quos
1342 1069 1473 1104 arma
1506 1056 1629 1113 ἕως

281 1130 293 1139 ‘
312 1135 426 1168 uam
448 1122 621 1181 Caesar,
645 1122 778 1183 cujus
806 1123 949 1186 patris
970 1121 1140 1170 flamen
1162 1130 1230 1169 est
1249 1137 1265 1179 ς
1300 1135 1445 1185 quam
1467 1118 1630 1169 consul

314 1185 565 1248 resignatus,
596 1200 738 1250 quem
767 1194 1037 1261 oppugnat;
1073 1199 1217 1251 quam
1249 1183 1459 1244 Mutina,
1489 1197 1633 1260 quam

279 1249 496 1307 obsidem
531 1263 673 1315 quam
694 1260 858 1315 patna,
886 1249 962 1298 cui
982 1247 1137 1313 ignem
1159 1250 1427 1313 ferrumque
1447 1249 1635 1296 minita-

277 1319 384 1363 tur.
412 1315 447 1343 “
468 1311 596 1362 Cum
632 1316 856 1374 venerint,
887 1328 994 1378 quae
1026 1315 1277 1380 postulent,
1309 1313 1631 1377 cognoscam.”

283 1378 421 1438 Quin
442 1387 495 1425 tu
517 1380 615 1426 abis
648 1379 697 1426 in
727 1380 901 1427 malam
929 1388 1125 1443 pestem,
1153 1376 1429 1490 ῐῃειῙωῃιὲιιιε
1461 1377 1635 1426 crucia-

282 1452 390 1491 tum
413 1443 426 1490 2
462 1443 546 1490 Ad
567 1450 614 1490 te
634 1443 882 1506 quisquam
903 1443 1072 1501 veniat,
1095 1442 1185 1490 nisi
1202 1443 1345 1492 Venti
1380 1443 1412 1490 ’i
1434 1442 1634 1490 similis?

284 1507 458 1557 Oriens
490 1507 754 1556 incendium
789 1508 871 1572 qui
899 1507 1249 1572 restinguerent,
1280 1503 1485 1557 summos
1517 1508 1637 1557 viros

285 1571 534 1621 misimus:
570 1572 849 1635 repudiastis
902 1588 1028 1621 nunc
1060 1574 1110 1621 in
1155 1582 1332 1632 tantam
1376 1573 1635 1630 flammam,

286 1645 479 1700 tamque
499 1636 815 1696 inveteratam,
829 1637 1090 1698 mittamus,
1116 1653 1224 1684 cum
1246 1639 1403 1685 locum
1425 1638 1512 1685 tibi
1533 1637 1640 1684 reli-

286 1717 457 1765 quum,
496 1716 590 1748 non
623 1701 763 1747 modo
790 1702 851 1748 ad
870 1717 1049 1764 pacem,
1074 1701 1154 1749 sed
1180 1716 1240 1749 ne
1270 1701 1332 1749 ad
1360 1701 1638 1749 deditionem

288 1765 500 1832 quidem,
531 1765 689 1812 feceris
710 1767 732 1812 Ρ

356 1830 496 1877 Hanc
529 1845 614 1892 ego
649 1828 904 1891 epistolam,
939 1836 1090 1892 patres
1127 1829 1386 1893 conscripti,
1421 1844 1516 1877 non
1546 1843 1641 1893 quo

292 1894 432 1945 illum
453 1892 648 1956 dignum
670 1901 900 1957 putarem,
924 1893 1125 1954 recitavi,
1150 1894 1228 1942 sed
1258 1903 1327 1954 ut,
1353 1892 1646 1942 confessioni-

290 1961 382 2009 bus
412 1958 429 2004 i
461 1959 573 2018 sius,
596 1958 753 2005 omnia
773 1957 1009 2069 patefacta
1036 1959 1076 2019 ej
1084 1975 1135 2006 us
1156 1959 1398 2022 parricidia
1419 1957 1647 2005 videretis.

293 2023 422 2071 Cum
477 2037 530 2069 oc
550 2037 710 2086 pacem
740 2021 775 2068 R
802 2055 814 2067 .
842 2022 1065 2086 Lepidus,
1098 2023 1168 2071 vir
1198 2022 1511 2070 ornatissimus
1544 2035 1647 2067 om-

294 2087 434 2135 nibus
456 2086 636 2134 virtutis
665 2095 711 2134 et
730 2085 928 2134 fortunae
958 2087 1107 2146 bonis,
1130 2087 1171 2133 si
1195 2087 1294 2133 haec
1321 2086 1495 2132 videret
1516 2083 1647 2130 deni-

296 2167 408 2216 que,
432 2159 514 2198 aut
534 2150 687 2209 vellet,
710 2159 792 2198 aut
813 2151 912 2198 fieri
927 2166 1060 2213 posse
1081 2150 1376 2196 arbitraretur
1393 2150 1416 2195 Ρ
1453 2150 1487 2175 “
1508 2147 1649 2193 Prius

296 2215 438 2264 undis
460 2215 702 2275 fiamma,”
736 2223 789 2262 ut
811 2214 875 2261 ait
896 2220 1035 2277 poe'ta
1059 2212 1211 2260 nescio
1242 2211 1381 2275 quis;
1414 2210 1546 2273 prius
1567 2210 1649 2257 de-

297 2281 446 2343 nique
473 2279 646 2337 omnia,
682 2295 826 2343 quam
857 2286 940 2326 aut
973 2292 1081 2324 cum
1110 2276 1331 2323 Antoniis
1368 2273 1644 2338 respublica,

302 2352 387 2392 aut
399 2356 507 2392 cum
521 2344 759 2407 republica
773 2341 974 2389 Antonii
990 2342 1180 2388 redeant
1193 2340 1242 2386 in
1258 2340 1473 2403 gratiam.
1507 2339 1652 2386 Mon-

300 2415 398 2456 stra
414 2408 650 2471 'quaedam
673 2416 781 2455 sunt
814 2407 918 2465 ista,
944 2414 990 2453 et
1010 2413 1242 2470 portenta,
1266 2413 1311 2452 et
1333 2403 1544 2480 prodigia
1563 2402 1654 2451 rei-

300 2472 517 2536 publicae.
553 2471 738 2520 Moveri
763 2471 950 2518 sedibus
984 2469 1078 2517 suis
1103 2469 1222 2521 huic
1250 2471 1357 2518 urbi
1376 2469 1544 2516 melius
1566 2474 1652 2528 est,

305 2546 448 2599 atque
463 2535 562 2600 [in]
578 2537 706 2594 alias,
725 2535 763 2582 si
785 2535 884 2582 fieri
895 2534 1054 2598 possit,
1081 2543 1220 2582 terras
1236 2534 1509 2598 demigrare,
1530 2532 1655 2580 unde

307 2601 626 2648 Antoniorum
647 2615 730 2647 nec
751 2599 871 2647 facta
893 2615 976 2647 nec
992 2614 1161 2647 nomen
1178 2598 1352 2659 audiat,
1367 2614 1511 2663 quam
1532 2597 1652 2653 illos,

306 2664 502 2712 Caesaris
535 2665 705 2712 virtute
740 2665 922 2724 ejectos,
962 2663 1102 2712 Bruti
1141 2672 1355 2720 retentos,
1394 2664 1517 2710 intra
1554 2661 1653 2709 haec

310 2730 482 2777 moenia
514 2728 681 2777 videre,
730 2728 1091 2792 Optatissimum
1130 2738 1199 2776 est
1235 2728 1444 2775 vincere:
1491 2740 1626 2774 secur*

384 2806 389 2812 ·
1187 2795 1218 2839 2
1247 2805 1277 2838 ι,
1302 2793 1332 2837 3
