1858 3020
545 151 952 215 PHILIPch
985 158 1056 207 11.
1089 160 1217 208 cn.
1243 164 1291 219 5·
1485 160 1577 209 201

244 282 462 335 serte,.ut
481 277 718 330 Mustellae
738 282 947 332 Tamisio
966 293 1012 332 et
1031 286 1197 334 Tironi
1218 287 1436 337 Numisio
1454 286 1582 335 vide-

242 339 351 387 ris?
385 341 467 404 qui
491 340 599 390 cum
619 345 707 394 hoc
734 347 835 410 ipso
855 357 1060 411 tempore
1081 358 1201 398 stent
1221 351 1581 415 cumgladiisin

243 414 492 466 conspectu
506 412 704 468 senatos,
720 426 804 473 ego
824 428 1011 476 quoque
1031 421 1076 461 te
1097 413 1317 461 disertum
1336 417 1526 477 putab0‚
1541 416 1581 463 si

240 468 509 529 ostenderis,
533 473 763 533 quomodo
784 476 843 522 sis
865 491 942 523 eos
964 476 1082 524 inter
1102 478 1280 525 sicarios
1300 478 1580 526 defensurus.

241 529 341 577 Sed
357 533 469 594 quid
482 548 685 597 opponas
702 538 904 597 tandem,
919 539 958 587 si
969 554 1150 604 negem,
1165 556 1242 588 me
1256 557 1460 604 unquam
1474 542 1584 590 istas

239 593 402 643 literas
434 597 495 644 ad
527 607 574 645 te
601 600 814 650 misisse?
847 619 941 666 quo
968 619 1045 652 me
1070 614 1183 652 teste
1212 606 1488 653 convincas?
1521 621 1582 654 an

245 657 586 723 chirographo?
625 664 675 710 in
706 681 800 728 quo
823 666 964 714 habes
997 669 1231 716 scientiam
1293 678 1580 717 uastuosam.

245 719 353 778 Qui
373 725 517 786 possis
534 728 557 773 Ρ
591 736 699 774 sunt
727 730 850 777 enim
876 731 1050 779 librarii
1069 747 1227 780 manu.
1304 747 1381 780 am
1402 733 1584 781 invideo

246 786 470 848 magistro
497 797 595 847 tuo,
624 792 707 854 qui
737 801 798 853 te,
821 794 948 842 tanta
974 797 1198 857 mercede,
1231 805 1454 859 quantam
1483 799 1584 858 jam

245 849 497 911 proferam,
524 854 642 901 nihil
662 871 815 919 sapere
835 858 1004 906 docuit.

317 913 450 972 Quid
476 917 599 964 enim
619 928 687 966 est
707 921 879 981 minus,
896 938 988 970 non
1006 924 1108 972 dico
1119 925 1324 983 oratoris,
1340 925 1419 973 sed
1433 925 1584 972 homi-

247 976 361 1059 ιιὶε,Α
374 994 516 1053 quam
536 981 595 1057 id·
612 984 806 1044 objicere
832 985 1105 1048 adversario,
1128 990 1252 1052 quod
1278 989 1358 1036 ine
1388 989 1426 1065 ei
1447 991 1585 1064 verbo

246 1045 653 1168 Ἇῗᾚέἓέξωε
679 1050 1028 1176 ξ’ἱέξῖῗῑῃῖἓῖο
1039 1055 1583 1178 ξςῗέἓηῗηὲῗῗὲῗῗὲ

246 1168 550 1221 humanitatis
640 1191 738 1236 um,
767 1177 846 1225 sed
867 1179 1006 1226 etiam
1027 1181 1250 1228 amentiae.
1295 1181 1437 1239 Quod
1458 1180 1584 1228 enim

245 1234 442 1282 verbum
463 1237 516 1283 in
541 1238 640 1286 istis
659 1240 800 1288 literis
822 1251 904 1301 est,
934 1257 1027 1290 non
1046 1244 1238 1306 plenum
1266 1244 1581 1304 humanitatis,

245 1295 401 1358 officii,
422 1302 748 1351 benevolentiae
758 1305 781 1350 ’ἓ
814 1305 973 1354 Omne
991 1316 1147 1354 autem
1163 1308 1332 1355 crimen
1346 1316 1482 1356 tuum
1498 1316 1582 1368 est,

248 1362 377 1423 quod
398 1364 456 1411 de
477 1373 522 1412 te
541 1366 592 1412 in
619 1367 693 1415 his
713 1369 853 1417 literis
875 1385 969 1418 non
989 1371 1112 1418 male
1134 1372 1421 1429 existimem3
1456 1372 1583 1437 quod

246 1425 444 1475 scribam
460 1437 699 1495 tamquam
715 1433 775 1480 ad
795 1433 959 1494 civem,
981 1443 1218 1498 tamquam
1240 1437 1300 1484 ad
1320 1438 1495 1485 bonum
1512 1437 1580 1485 vi·-

244 1504 373 1552 rum,
388 1506 479 1541 non
494 1501 732 1559 tamquam
745 1498 805 1546 ad
818 1499 1085 1548 sceleratum
1099 1509 1145 1548 et
1155 1500 1390 1550 latronem.
1409 1502 1480 1550 At
1495 1518 1581 1566 ego

246 1562 353 1603 tuas
387 1556 539 1606 literas
575 1560 679 1613 (etsi
708 1562 811 1622 jure
839 1573 1062 1626 poteram,
1089 1581 1119 1612 a
1160 1574 1205 1613 te
1232 1567 1481 1626 lacessitus)
1508 1576 1579 1614 ta-

248 1633 360 1666 men
383 1636 476 1668 non
495 1623 756 1685 proferam3
790 1627 958 1700 quibus
977 1629 1111 1692 petis,
1137 1638 1188 1677 ut
1216 1631 1299 1678 tibi
1320 1648 1404 1694 per
1425 1647 1502 1679 me
1520 1631 1579 1679 li-

249 1693 352 1731 ceat
371 1687 621 1748 quemdam
641 1688 700 1736 de
720 1691 877 1738 exsilio
892 1692 1131 1749 reducere3
1154 1694 1442 1759 adjurasque,
1450 1696 1500 1743 id
1513 1704 1576 1755 te,

246 1745 395 1795 invito
410 1764 502 1810 me,
520 1766 614 1798 non
635 1767 730 1800 esse
748 1753 1007 1804 factm-um:
1040 1757 1181 1821 idque
1201 1774 1230 1805 a
1249 1774 1326 1806 me
1345 1760 1576 1824 impetras·

247 1809 382 1869 Quid
398 1813 520 1861 enim
542 1830 618 1863 me
636 1816 969 1881 interponerem
991 1821 1190 1869 audaciae
1205 1830 1313 1881 tuae,
1336 1838 1478 1886 quam
1498 1837 1582 1869 ne·-

247 1889 343 1937 que
368 1879 609 1927 auctoritas
633 1880 775 1942 hujus
802 1882 989 1944 ordinis,
1022 1899 1172 1949 neque
1199 1887 1472 1935 existimatio
1495 1900 1580 1949 po-

283 1939 352 1985 uli
387 1940 606 2004 Romani,
636 1958 668 1991 n
726 1947 943 2010 ueleges
980 1950 1089 1996 ullae
1124 1959 1306 2013 possent
1339 1948 1580 1998 coercere?

245 1954 595 2071 {ferumtamen
616 1960 730 2072 quid
746 2019 857 2070 erat,
888 2013 1014 2075 quod
1033 2029 1110 2061 me
1130 2029 1326 2076 rogares,
1345 2014 1383 2060 si
1405 2022 1501 2060 erat
1520 2012 1579 2070 is,
1600 2045 1612 2058 ,

247 2065 421 2130 dequo
435 2073 648 2133 rogabas,
672 2072 861 2121 Caesaris
871 2075 974 2139 lege
987 2077 1230 2125 reductus?
1268 2077 1360 2124 Sed
1375 2075 1583 2147 videlicet

247 2145 407 2182 meam
426 2134 622 2195 gratiam
644 2137 789 2185 voluit
809 2154 933 2197 esse3
967 2141 1015 2187 in
1038 2156 1132 2204 quo
1151 2155 1210 2187 ne
1229 2140 1373 2202 ipsius
1393 2138 1582 2199 quidem

248 2194 351 2242 ulla
370 2206 550 2259 poterat
565 2215 677 2259 esse,
699 2201 799 2265 lege
818 2202 925 2251 lata.
1544 2262 1556 2273 ,

314 2258 378 2306 V.
414 2262 507 2308 Sed
527 2278 636 2311 cum
646 2264 779 2322 mihi,
796 2275 947 2329 patres
962 2266 1220 2328 conscripti,
1239 2274 1285 2312 et
1295 2279 1379 2328 pro
1398 2279 1475 2311 me
1496 2262 1583 2309 ah-

248 2322 383 2385 quid,
398 2333 445 2371 et
460 2325 508 2373 in
523 2326 597 2373 M.
605 2328 868 2377 Antonium
881 2331 1031 2377 multa
1045 2329 1234 2377 dicenda
1250 2328 1369 2383 sint3
1385 2328 1580 2375 alterum

246 2395 359 2449 peto
381 2403 410 2434 a
424 2390 567 2449 vobis,
591 2401 645 2438 ut
664 2386 757 2452 me,
779 2409 864 2456 pro
885 2409 962 2440 me
990 2393 1231 2449 dicentem,
1253 2390 1481 2455 benignu
1513 2391 1583 2439 al-

246 2458 404 2498 terum
424 2452 523 2515 ipse
544 2455 756 2515 efficiam,
778 2465 848 2516 ut,
866 2465 1023 2503 contra
1042 2455 1177 2503 illum
1194 2470 1300 2502 cum
1321 2456 1489 2514 dicam,
1512 2463 1583 2502 at·-

246 2521 376 2562 tente
410 2517 617 2566 audiatis.
662 2519 816 2568 Simul
839 2519 958 2566 illud
990 2533 1101 2566 oroz
1136 2518 1176 2565 si
1202 2534 1371 2578 meam,
1395 2534 1502 2567 cum
1530 2518 1582 2564 in
1649 2526 1652 2529 ’

248 2578 381 2626 omni
393 2580 503 2639 vita,
518 2591 623 2630 tum
638 2583 689 2630 in
700 2582 909 2640 dicendo,
926 2581 1282 2629 moderationem
1294 2582 1586 2651 modestiam-

249 2656 342 2705 que
364 2646 608 2707 cognostis,
631 2661 691 2693 ne
710 2661 788 2716 me
806 2645 960 2704 hodie,
985 2660 1092 2693 cum
1112 2644 1204 2703 isti,
1236 2653 1289 2692 ut
1308 2647 1586 2708 provocant,
