1858 3020
454 232 861 283 PHILIPPICA
890 233 1045 283 xm.
1075 236 1206 285 CAP.
1231 235 1280 284 5.
1436 235 1534 292 373

200 360 542 428 perfuitearior.
559 363 705 423 Nam,
713 378 821 412 cum
829 362 1064 427 Magnum
1072 363 1367 428 Pompeium,
1378 366 1533 414 claris-

198 429 362 475 simum
375 427 1094 492 adolescentem‚praestantissimi
1104 429 1188 476 viri
1198 429 1364 488 filium,
1373 440 1529 478 aucto-

199 492 327 540 ritate
334 491 597 540 adduxitad
612 508 789 556 poeem,
804 508 994 557 remque
1008 493 1260 557 publicam,
1271 494 1367 542 sine
1374 496 1529 554 armis,

200 557 402 604 maximo
420 556 569 604 civilis
588 557 700 604 belli
719 557 922 621 periculo
942 557 1183 614 liberavit3
1219 565 1321 605 tum
1337 567 1414 605 me
1430 560 1530 619 ejus

197 621 413 668 beneficio
432 621 540 683 plus
561 636 703 684 quam
758 637 809 669 ro
831 622 953 669 virili
972 630 1102 685 parte
1122 621 1378 685 obligatum
1400 630 1532 685 puto.

199 684 361 748 Itaque
382 685 426 732 ei
446 693 492 732 et
510 685 703 733 honores
755 686 916 746 ecrevi,
933 702 1048 749 quos
1063 687 1194 750 potui
1207 685 1529 750 amplissimos,

195 747 242 796 in
262 749 432 812 quibus
447 762 528 797 vos
548 749 667 796 mihi
681 750 788 797 estis
807 751 1010 806 assensi3
1045 766 1128 798 nec
1153 766 1363 814 unquam
1376 750 1433 798 de
1445 751 1529 798 illo

195 821 240 860 et
260 829 438 877 sperare
518 813 630 861 time
650 825 696 860 et
714 814 844 877 loqui
873 814 1040 862 destiti.
1073 814 1266 879 Magnis
1294 823 1340 863 et
1369 815 1531 863 multis

193 876 459 941 pignoribus
541 911 553 924 .
577 877 809 941 Lepidum
840 879 1098 943 respublica
1127 880 1138 890 ’
1179 880 1190 890 ’
1253 887 1355 926 tum
1389 887 1527 927 tenet.

192 942 388 990 Summa
405 941 619 989 nobilitas
644 950 712 989 est
735 942 953 1003 hominis,
989 943 1164 990 summi
1230 958 1406 1002 onores,
1429 959 1531 991 am-

190 1005 452 1080 plissimum
486 1005 805 1065 sacerdotium,
840 1007 1047 1071 plurima
1071 1007 1215 1055 Urbis
1243 1019 1528 1067 ornamenta,

189 1070 349 1133 ipsius,
369 1069 539 1128 fratris,
560 1071 888 1145 mpjorumque
918 1072 1234 1147 monimentpg
1268 1072 1532 1136 probatissi-

186 1135 1527 1257 sstffitfflaffffiffffiffiffiss

185 1263 326 1310 multi
360 1264 459 1323 ejus
492 1262 712 1311 beneficio
746 1271 790 1310 et
826 1263 1136 1311 misericordia
1167 1264 1362 1311 liberati.
1397 1264 1530 1312 Talis

184 1325 330 1390 igitur
348 1327 421 1375 vir
440 1334 486 1374 et
506 1326 616 1374 civis
635 1327 849 1390 opinione
869 1328 965 1374 labi
985 1335 1149 1390 potest,
1163 1329 1398 1376 voluntate
1412 1343 1443 1376 a
1459 1344 1530 1376 re-

184 1391 376 1453 publica
395 1389 610 1439 dissidere
628 1391 760 1438 nullo
781 1400 914 1453 pacto
936 1399 1098 1454 potest.

250 1456 424 1504 Pacem
444 1455 547 1502 vult
568 1455 644 1502 M.
660 1454 880 1520 Lepidus.
915 1456 1157 1517 Praeclure⁹
1171 1457 1362 1505 sitalem
1378 1465 1528 1522 potest

179 1520 377 1579 efficere,
401 1520 586 1583 qualem
607 1535 755 1584 nuper
775 1520 954 1568 effecit:
989 1522 1086 1585 qua
1116 1537 1229 1586 pace
1260 1523 1347 1571 Cn.
1383 1524 1526 1572 Pom-

180 1584 279 1649 peii
315 1584 468 1632 filium
502 1585 760 1648 respublica
792 1585 1026 1649 adspiciet,
1058 1602 1232 1650 suoque
1267 1588 1370 1635 sinu
1400 1604 1526 1637 com-

179 1649 422 1714 plexuque
442 1648 658 1712 recipietz
692 1664 842 1712 neque
863 1651 1014 1697 solum
1036 1651 1190 1711 illum,
1217 1652 1296 1699 sed
1315 1667 1424 1700 cum
1445 1654 1528 1700 illo

174 1714 384 1777 seipsam
405 1712 492 1760 sibi
512 1713 770 1760 restitutam
789 1714 987 1776 putabit.
1022 1714 1140 1762 Haec
1160 1731 1297 1763 causa
1316 1715 1423 1777 fuit,
1446 1733 1529 1765 cur

172 1777 483 1826 decerneretis
504 1785 704 1824 statuam
719 1776 770 1823 in
790 1777 973 1825 Rostris
988 1793 1095 1825 cum
1107 1778 1399 1843 inscriptione
1409 1797 1527 1844 prae-

174 1842 342 1898 clara&
378 1856 460 1889 cur
495 1841 673 1889 absenti
706 1840 1012 1904 triumphum.
1062 1842 1365 1907 Quamquam
1402 1845 1527 1893 enim

174 1920 378 1969 magnas
393 1920 464 1952 res
481 1906 669 1953 bellicas
696 1915 910 1968 gesserat,
928 1914 975 1954 et
986 1906 1222 1971 triumpho
1238 1908 1416 1971 dignas,
1433 1924 1527 1957 non

172 1979 282 2018 erat
302 1977 458 2017 tamen
480 1970 523 2016 ei
543 1969 857 2030 tribuendum,
875 1969 1002 2034 quod
1022 1986 1106 2020 nec
1128 1973 1187 2019 L.
1206 1973 1419 2033 AEmilio‚
1441 1988 1527 2021 nec

164 2034 443 2083 AEmiliano
463 2033 682 2097 Scipioni,
705 2048 790 2082 nec
804 2036 1027 2099 superiori
1046 2036 1287 2095 Africano,
1310 2051 1395 2084 nec
1416 2036 1528 2083 Ma-

171 2100 267 2160 rio,
291 2113 379 2146 nec
400 2097 641 2161 Pompeio,
664 2098 746 2161 qui
765 2101 944 2160 majora
970 2101 1094 2147 bella
1127 2107 1390 2162 gesseruntz
1425 2098 1525 2157 sed,

162 2162 312 2228 quod
332 2161 514 2210 silentio
533 2161 664 2237 civile
684 2163 861 2238 bellum
880 2163 1155 2236 confecerat2
1168 2171 1223 2236 ut
1242 2162 1448 2225 primum
1469 2162 1528 2208 li-

160 2226 1358 2354 w30hssffimwiginuufflmfflffldm
1381 2288 1524 2337 Pom.

162 2356 341 2421 peitnn
362 2353 619 2419 respublica
636 2354 851 2403 habitura
871 2353 932 2400 sit
952 2353 1116 2412 civem,
1138 2353 1252 2401 tales
1273 2352 1454 2402 futuros
1472 2353 1524 2401 iu

165 2418 419 2486 republica
440 2418 709 2467 Antonios?
744 2419 802 2466 In
826 2417 970 2466 altero
988 2417 1155 2482 pudor,
1178 2416 1392 2482 gravitas,
1423 2433 1526 2467 mo-

160 2483 374 2541 deratio,
407 2483 645 2547 integritas
661 2499 677 2529 z
710 2482 761 2529 in
794 2482 888 2530 illis
922 2486 1006 2542 (et,
1036 2497 1144 2530 cum
1171 2483 1258 2531 hos
1281 2484 1525 2558 compello,

160 2556 400 2615 pretereo
420 2547 578 2595 animo
597 2561 658 2594 ex
841 2546 1068 2594 latrocinii
1087 2547 1342 2605 neminem)
1369 2547 1525 2594 hbidi-

154 2629 275 2672 nes,
301 2612 488 2671 aedera,
511 2609 573 2657 ad
591 2625 730 2657 omne
768 2609 1165 2658 acinus-immanis
1187 2610 1390 2658 audacis.
1424 2610 1526 2657 De-

234 2803 587 2864 (Orat.)vo1..
611 2811 689 2846 nr.
1109 2802 1142 2849 2
1166 2814 1206 2849 x
