1858 3020
486 179 893 235 PHILIPPICA
913 180 977 230 V.
1001 181 1130 229 Car.
1157 183 1233 231 13.
1446 182 1545 239 279

203 316 358 361 serata
396 309 432 337 “
456 308 588 369 Quid
620 310 933 384 concupiscas,
972 317 1026 358 tu
1053 308 1249 359 videtin
1282 310 1408 374 quod
1441 324 1552 359 con-

204 372 450 437 cupiveris,
473 382 591 422 certe
611 374 852 423 habebis-’⁹
890 373 988 433 En,
1011 373 1071 421 ad
1096 388 1236 436 quem
1256 374 1428 436 legatos
1438 375 1549 423 mit-

203 445 395 494 tamus;
431 438 507 486 cui
527 438 703 486 bellum
731 454 968 486 moremur
1000 437 1199 494 inferre3
1233 439 1315 500 qui
1347 453 1406 486 ne
1443 439 1552 487 sorti

205 501 399 564 quidem
421 501 629 550 fortunas
650 511 827 551 nostras
858 501 1135 565 [destituit,]
1169 501 1248 548 sed
1268 502 1450 549 libidini
1471 518 1551 550 cu-

196 565 375 639 jusque
396 581 481 615 nos
501 567 568 614 ita
592 567 787 624 addixit,
807 575 863 615 ut
883 581 943 614 ne
965 566 1051 614 sibi
1073 565 1262 629 quidem
1297 566 1552 630 quidquam

199 638 460 693 integrum,
483 631 609 694 quod
630 645 723 679 non
753 631 890 680 alicui
912 631 1190 695 promissum
1219 630 1319 690 jam
1341 630 1418 689 sit,
1446 629 1552 677 reli-

200 694 371 757 querit.
408 695 533 742 Cum
559 695 664 754 hoc,
694 704 846 759 patres
877 694 1137 758 conscripti,
1159 694 1298 752 bello,
1323 694 1461 753 bello,
1478 694 1552 740 in-

200 773 370 822 quam,
386 758 712 807 decertandum
736 768 820 818 est,
841 759 982 823 idque
1003 758 1240 807 confestim
1256 776 1270 805 z
1294 758 1551 821 legatorum

197 822 394 870 tarditas
414 823 698 887 repudianda
717 832 800 871 est.

269 885 587 950 Quapropter,
618 903 677 935 ne
698 889 849 936 multa
878 888 1013 937 nobis
1044 887 1249 950 quotidie
1270 885 1552 934 decernenda

202 950 318 1009 sint,
355 952 619 1000 consulibus
645 960 790 1000 totam
828 952 1161 1016 rempublicam
1195 950 1552 1013 permittendam

202 1029 401 1071 censeor,
433 1015 599 1079 hisque
619 1017 1023 1076 committendum,
1045 1025 1101 1063 ut
1122 1015 1456 1078 rempublicam
1472 1015 1553 1065 de-

198 1078 431 1136 fendant;
464 1080 841 1145 provideantque,
878 1095 940 1128 ne
972 1080 1087 1144 quid
1123 1079 1380 1142 respublica
1412 1078 1553 1127 detri-

200 1143 355 1191 menti
398 1144 619 1208 accipiat:
654 1156 921 1210 censeoque,
949 1153 1004 1192 ut
1040 1145 1114 1202 iis,
1145 1144 1230 1218 qui
1265 1143 1316 1190 in
1351 1144 1553 1192 exercitu

199 1208 409 1256 Antonii
443 1218 570 1268 sunt,
600 1224 660 1256 ne
680 1207 739 1257 sit
771 1225 825 1258 ea
845 1225 917 1258 res
945 1209 1113 1268 fraudi,
1138 1223 1177 1255 si
1197 1216 1304 1255 ante
1325 1207 1553 1256 calendas

198 1271 481 1321 Februarias
514 1274 575 1321 ab
613 1289 666 1321 eo
695 1273 991 1322 discesserint.
1049 1272 1167 1319 Haec
1200 1271 1241 1318 si
1269 1271 1550 1331 censueritis,

264 1343 358 1383 tres
403 1336 662 1401 conscripti,
700 1338 829 1386 brevi
867 1346 1072 1400 tempore
1103 1336 1361 1383 libertatem
1389 1335 1553 1400 populi

279 1399 427 1458 mani,
443 1402 852 1466 auctoritatemque
868 1410 1084 1460 vestram,
1098 1400 1433 1463 recuperabitis.
1467 1400 1552 1451 Sin

196 1473 362 1514 autem
382 1465 533 1514 lenius
562 1467 739 1530 agetis;
774 1476 929 1515 tamen
967 1465 1143 1526 eadem,
1167 1464 1455 1514 sedfortasse
1476 1480 1548 1514 se-

192 1530 315 1641 gue,
352 1530 616 1642 decernatis.
661 1531 739 1579 De
770 1531 1006 1595 republica
1035 1530 1161 1595 quod
1181 1530 1415 1592 retulistis,
1442 1531 1551 1580 satis

227 1610 450 1643 ecrevrsse
474 1611 520 1642 vr
553 1611 644 1643 eor.
1308 1633 1311 1636 -

262 1658 424 1706 XIII.
457 1659 626 1707 Altera
658 1674 731 1708 res
764 1668 833 1707 est
869 1660 928 1708 de
964 1659 1244 1709 honoribusz
1279 1659 1337 1707 de
1376 1660 1546 1723 quibus

194 1722 419 1786 deinceps
451 1724 501 1770 in
585 1724 596 1734 “
690 1739 786 1771 esse
807 1724 1082 1786 dicendum.
1117 1724 1227 1783 Sed,
1250 1724 1332 1786 qui
1358 1724 1469 1773 ordo
1497 1725 1548 1772 in

192 1787 440 1836 sententiis
461 1803 603 1851 rogan
639 1788 650 1798 “
692 1802 820 1835 more
840 1790 1074 1850 majorum
1091 1787 1258 1837 servari
1271 1788 1401 1847 solet,
1418 1803 1551 1835 eum-

191 1851 310 1899 dem
345 1853 512 1900 tenebo
545 1853 595 1899 in
622 1852 729 1899 viris
762 1851 956 1900 fortibus
989 1853 1280 1902 honorandis.
1313 1852 1365 1899 A
1397 1852 1550 1900 Bruto

192 1916 366 1980 igitur,
391 1916 577 1964 consule
593 1916 846 1979 designato,
862 1918 1096 1980 capiamus
1113 1917 1353 1966 exordium
1372 1932 1386 1963 z
1418 1918 1552 1978 cujus

193 1989 252 2029 ut
275 1980 516 2043 superiora
541 1980 769 2039 omittarm
807 1985 934 2045 (quae
959 1992 1067 2031 sunt
1095 1982 1303 2030 maxima
1331 1980 1413 2027 illa
1446 1980 1554 2042 qui-

193 2044 332 2104 dem,
356 2044 439 2091 sed
460 2044 611 2092 adhuc
632 2044 875 2093 hominum
897 2048 1048 2110 magis
1064 2046 1267 2109 judiciis,
1298 2058 1441 2153 quam
1462 2059 1552 2104 pu-

187 2110 339 2166 blice,
370 2108 579 2167 laudata)
609 2110 888 2173 quibusnam
916 2112 1066 2159 verbis
1095 2112 1196 2170 ejus
1220 2109 1300 2155 lau
1333 2122 1382 2152 es
1409 2106 1552 2165 hujus

188 2172 350 2237 ipsius
390 2173 607 2236 temporis
645 2174 859 2238 consequi
892 2172 1171 2237 possumus?
1218 2172 1389 2231 Neque
1426 2169 1552 2215 enim

190 2238 355 2285 ullam
389 2237 645 2285 mercedem
680 2246 809 2285 tanta
845 2237 1008 2295 virtus,
1044 2243 1208 2298 praeter
1244 2232 1365 2280 hanc
1401 2231 1553 2279 laudis

188 2300 474 2365 gloriaeqw‚
498 2301 749 2349 desiderat:
785 2301 880 2365 quii
902 2300 1042 2347 etiam
1063 2299 1102 2345 si
1118 2303 1283 2354 careat,
1306 2302 1463 2342 tamen
1492 2295 1554 2344 sit

188 2381 244 2416 ae
266 2365 376 2428 ip&
397 2373 643 2421 contenta;
678 2374 818 2430 atque
839 2366 891 2412 in
924 2362 1149 2411 memoria
1180 2369 1415 2423 gratorum
1439 2359 1551 2408 civi-

189 2445 304 2488 um,
330 2437 574 2492 tamquam
607 2430 656 2476 in
690 2431 809 2487 luce,
843 2427 993 2491 posita
1022 2427 1215 2474 laetetur.
1250 2424 1379 2472 Laus
1410 2424 1552 2486 igitur

179 2493 362 2557 judicii
413 2493 754 2557 testimoniique
803 2492 942 2540 vestri
984 2489 1229 2537 tribuenda
1269 2489 1420 2536 Bruto
1463 2499 1547 2538 est·

188 2558 534 2618 Quamobrem
563 2557 637 2605 his
667 2556 834 2614 verbis,
867 2562 1019 2617 patres
1061 2552 1318 2615 conscripti,
1351 2556 1554 2599 senatus-

186 2621 472 2672 consultum
509 2620 776 2670 faciendum
815 2632 974 2665 censeo
991 2634 1006 2664 z
1043 2620 1077 2645 ‘⁶
1101 2617 1226 2664 Cum
1254 2615 1320 2662 D.
1356 2615 1552 2670 Brutus,

180 2687 474 2752 imperator,
490 2684 655 2734 consul
675 2682 960 2742 designatus,
982 2680 1262 2741 provinciam
1284 2677 1487 2725 Galliam
1503 2676 1552 2722 in
