1858 3020
517 207 925 258 PHILIPPICA
960 209 1032 257 11.
1065 208 1192 257 CAP-
1231 209 1304 259 18.
1380 226 1393 233 “
1478 208 1577 257 213

235 334 501 395 hominum,
535 326 687 411 ejectis
717 328 833 385 veris
844 336 1134 396 litei-edibus,
1160 342 1420 411 tamquam
1431 336 1577 385 haercs

235 408 373 459 esset,
407 400 590 448 invasit.
623 401 924 464 Quamquam
960 401 1047 449 hoc
1079 400 1284 448 maxime
1321 400 1573 448 admiratus

237 478 363 523 sum,
385 465 667 517 mentionem
690 474 735 512 te
755 459 1072 512 haereditatum
1105 478 1271 512 ausum
1300 480 1394 512 esse
1412 465 1576 526 facere,

236 542 478 639 ‘unffi
488 529 976 667 hfffflffiffiffgmffl,
978 529 1485 650 Ἰῗέἐέῗέζῗὲηῇωε
1498 600 1577 640 t..

235 655 370 703 dies
355 670 408 702 ιιι
437 656 587 704 aliena
607 656 741 704 villa
752 657 1050 705 declamasti?
1083 670 1370 731 quamquain
1399 664 1451 703 tu
1473 656 1579 730 qui-

232 719 362 778 dem,
386 723 462 773 (ut
483 720 553 767 tui
572 720 915 768 familiarissimi
943 721 1172 779 dictitant)
1195 720 1291 767 vini
1311 736 1337 768 e

238 798 337 831 non
357 783 534 846 ingemi
553 784 765 843 acuendi,
796 785 949 844 causa,
972 784 1250 833 declamitas.
1287 784 1355 831 Et
1373 799 1482 831 vero
1502 783 1585 830 ad-

234 847 424 907 hibes,
404 848 497 908 Joci
518 849 671 905 causa,
686 849 977 911 magistrum,
998 848 1232 923 suffragio
1232 856 1314 895 tuo
1334 857 1380 895 et
1394 862 1581 910 compo-
1632 853 1646 861 ‘

233 919 390 958 torum
406 920 611 971 tuorum,
625 913 877 967 rhetorem,
896 913 971 958 cui
984 911 1253 969 concessisti,
1263 912 1380 958 utin
1394 920 1456 968 te,
1470 924 1578 973 quae

236 975 395 1032 vellet,
418 974 597 1022 diceret.
639 977 823 1024 Salsum
856 975 1047 1022 omnino
1072 975 1340 1022 hominem!
1378 974 1458 1021 sed
1476 989 1579 1021 ma-

235 1038 686 1097 teriafadlisoegin
709 1047 755 1086 te
776 1039 1016 1086 etintuos
1035 1037 1332 1086 dictadicere.
1357 1037 1574 1085 Videan-

235 1109 354 1161 tem,
380 1101 495 1164 quid
514 1102 632 1149 inter
652 1112 699 1149 te
717 1111 765 1150 et
778 1117 918 1150 avum
940 1111 1077 1149 tuum
1092 1102 1280 1149 intersit.
1305 1101 1395 1149 Ille
1411 1101 1579 1149 sensim

236 1165 435 1224 dicebat,
450 1165 576 1229 quod
588 1181 736 1214 causae
749 1165 1009 1229 prodesset·
1033 1174 1085 1212 tu
1101 1165 1272 1213 cursim
1287 1165 1401 1212 dicis
1416 1166 1580 1213 aliena.

300 1230 375 1276 At
386 1238 561 1293 quanta
571 1245 741 1277 merces
753 1230 922 1277 rhetori
935 1230 1042 1276 data
1054 1237 1122 1276 est
1135 1232 1157 1277 ἓ
1190 1228 1386 1287 Audite,
1399 1228 1572 1290 audite,

235 1301 390 1356 patres
423 1296 693 1370 ωιιεισιίΡης
730 1304 776 1342 et
809 1295 1065 1356 cognoscite
1086 1293 1367 1355 reipublicae
1376 1293 1580 1343 vulnera.

241 1357 357 1405 Duo
375 1357 560 1404 millia
540 1373 758 1419 jugerum
771 1358 923 1421 campi
940 1356 1157 1404 Leontini
1173 1357 1283 1404 Sex
1298 1356 1463 1405 Clodio
1473 1357 1578 1404 rhe-

236 1421 1112 1484 wiimdgnasmetquidemimmunia,
1128 1429 1245 1484 ut,p
1243 1420 1438 1469 rotanta
1452 1435 1577 1469 mer-

237 1485 366 1546 cede,
389 1486 506 1534 nihil
527 1501 681 1550 sapere
700 1486 907 1535 disceres.
959 1485 1095 1535 Num
1129 1485 1282 1534 etiam
1296 1485 1400 1545 hoc,
1433 1486 1577 1535 homo

234 1550 555 1611 audacissime,
578 1566 636 1598 ex
658 1551 848 1599 Caesaiis
875 1549 1248 1599 commentariis?
1294 1550 1387 1600 Sed
1418 1551 1571 1600 dicam

236 1614 331 1662 alio
350 1613 453 1662 loco
473 1623 519 1662 et
511 1566 598 1662 e’de
620 1614 847 1663 Leontino
877 1630 988 1679 agro
1009 1623 1056 1662 et
1074 1615 1132 1662 de
1153 1615 1435 1691 Campano3
1457 1631 1574 1679 quos

230 1678 322 1726 iste
340 1693 490 1740 agros,
514 1687 691 1742 ereptos
708 1679 987 1754 reipublicae,
1004 1678 1279 1755 turpissimis
1307 1680 1573 1756 pussessqri-

229 1744 326 1790 bus
345 1742 618 1806 inquinavit.
651 1743 765 1791 Jam
785 1743 926 1802 enim,
951 1757 1170 1806 quomam
1191 1744 1457 1791 criminibus
1472 1759 1574 1805 ejus

234 1807 348 1854 satis
363 1807 593 1870 respondi,
615 1806 714 1854 de
700 1822 801 1870 ipso
830 1806 1120 1855 emendatore
1141 1815 1186 1855 et
1206 1816 1450 1868 correctore
1470 1822 1576 1855 nos-

229 1878 309 1918 tro
343 1870 557 1946 quiedam
591 1870 783 1918 dicenda
816 1880 953 1919 sunt.
988 1886 1072 1919 nec
1101 1871 1226 1919 enim
1247 1871 1403 1919 omnia
1422 1871 1573 1919 effun-

232 1933 380 1990 dam3
415 1943 486 1995 ut,
509 1935 548 1982 si
567 1935 732 1998 saepius
746 1935 1070 1983 decertandum
1086 1936 1145 1983 sit
1165 1940 1239 1989 (ut
1251 1937 1374 1994 erit),
1393 1949 1573 1998 semper

229 2013 384 2046 novus
425 1999 637 2046 veniamz
671 2014 814 2062 quam
854 1998 1120 2047 familtatem
1160 1999 1279 2046 mihi
1319 1998 1573 2046 multitudo

230 2062 370 2109 istius
390 2062 606 2109 vitiorum
627 2071 1008 2139 peccatorumque
1023 2063 1229 2125 largitur.
1374 2090 1379 2096 ·

298 2125 504 2173 XVIII.
539 2126 684 2174 Visne
702 2126 844 2201 igitur
856 2136 901 2174 te
914 2127 1210 2190 inspiciamus
1232 2139 1262 2171 a
1281 2139 1424 2186 puero
1438 2124 1461 2168 'i'
1494 2091 1571 2171 Sic

230 2190 412 2254 opinor.
459 2190 511 2237 A
543 2189 766 2253 principio
796 2190 1045 2238 ordiamur.
1084 2190 1304 2263 Qesne
1335 2186 1574 2244 memoria,

227 2262 565 2367 &3233
576 2254 837 2365 ...maalmam
818 2249 1578 2388 §.ppss'ssfiss‘ii'ffgfssffissssfiff

226 2382 319 2432 lud
340 2390 497 2429 tamen
513 2382 714 2429 audaciai
734 2390 844 2440 tuae,
861 2379 989 2443 quod
999 2377 1180 2425 sedisti·
1167 2391 1216 2423 ιιι
1228 2376 1573 2439 quatuordecim

227 2445 489 2504 ordinibus,
511 2459 620 2493 cum
642 2454 772 2503 esset,
794 2446 897 2507 lege
918 2442 1115 2516 Rpscim
1141 2440 1448 2498 decoctoribus
1476 2458 1574 2489 cer-

228 2519 309 2558 tus
328 2510 459 2557 locus
478 2509 767 2568 constitutus,
780 2506 994 2570 quamvis
1013 2505 1118 2568 quis
1131 2503 1328 2551 fortunae
1338 2504 1465 2568 vitio,
1479 2520 1574 2553 non

231 2590 339 2632 suo,
362 2572 629 2620 decoxisset.

297 2607 519 2686 Sumsisti
537 2636 718 2684 virilem
738 2643 926 2696 togam,
949 2645 1093 2693 quam
1115 2630 1279 2677 -statim
1303 2630 1576 2677 muliebrem

230 2710 396 2765 togam
417 2699 687 2749 reddidisti.
705 2698 875 2761 primo
886 2694 1079 2757 vulgare
1097 2700 1328 2776 scortum·
1361 2700 1484 2782 certa
1497 2691 1582 2735 fia·
