1858 3020
277 207 373 261 174
527 202 666 253 PRO
700 201 1085 252 DEIOTARO.
1118 201 1248 252 Car.
1275 200 1352 250 u.

269 348 378 381 curn
405 331 670 383 hominibus
689 332 853 380 nostris
881 331 1244 392 consuetudines,
1274 328 1511 389 amicitias,
1533 344 1603 379 res

268 397 555 460 rationesque
565 398 790 459 jungebat
804 412 820 453 ς
844 404 899 443 ut
911 411 1003 444 non
1018 396 1168 457 solum
1185 394 1409 443 tetrarcha
1421 393 1601 452 nobilis,

267 461 350 510 sed
370 462 573 525 optimus
593 460 936 524 paterfamilias,
959 468 1006 509 et
1020 459 1394 523 diligentissimus
1407 457 1604 521 agricola

193 560 200 565 -
268 533 314 572 et
328 526 584 589 pecuarius,
606 525 862 573 haberetur.
896 524 998 583 Qui
1012 525 1168 599 igitur,
1192 524 1468 581 adolescens,
1483 535 1599 595 non·
1852 506 1853 575 l

265 589 380 637 dum
399 590 529 637 tanta
543 589 691 652 gloria
704 589 942 652 praeditus‚
960 589 1076 636 nilul
1091 603 1301 652 unquam
1313 587 1402 634 nisi
1416 600 1599 634 severis-

265 653 381 702 sime
393 663 439 701 et
458 653 722 716 gravissime
737 653 916 710 fecerit3
938 653 996 713 is,
1014 652 1071 700 ea
1087 652 1437 711 existimatione,
1455 651 1600 714 eaque

265 726 415 777 aetate,
439 717 621 765 saltavit
640 719 662 764 Ρ
1848 708 1853 825 ι

328 782 393 829 Χ.
429 781 610 828 Imitari
629 781 798 844 potius,
821 780 1000 840 Castor,
1031 781 1106 829 avi
1139 779 1209 828 tui
1228 795 1378 828 mores
1398 777 1600 841 disdpli-

257 859 464 910 namque
484 846 696 903 debebas,
719 860 861 909 quam
882 844 1059 908 optimo
1079 852 1126 893 et
1140 844 1388 892 clarissimo
1404 843 1502 891 viro
1521 842 1599 889 fu-

260 909 394 972 gitivi
413 925 491 957 ore
510 909 790 957 maledicere.
825 908 967 968 Quod
995 909 1036 956 si
1064 910 1325 957 saltatorem
1346 922 1485 955 avum
1513 906 1599 954 ha-
1663 910 1667 916 ’

259 973 451 1032 ῦιᾱεεεε,
468 988 618 1038 neque
629 989 739 1021 eum
754 974 920 1032 virum,
935 973 1061 1023 unde
1072 973 1263 1037 pudoris
1275 971 1599 1035 pudicitiaeque

259 1038 472 1101 exempla
492 1046 753 1101 peterentur
771 1054 787 1094 ς
820 1046 975 1084 tamen
987 1036 1076 1084 hoc
1092 1037 1389 1084 maledictum
1402 1035 1598 1084 minime

255 1101 307 1148 'in
328 1101 459 1149 illam
488 1110 670 1153 aetatem
697 1102 969 1150 conveniret.
1015 1101 1202 1161 Quibus
1235 1101 1315 1148 ille
1342 1099 1505 1147 studiis
1533 1101 1597 1148 ab

255 1165 445 1213 ineunte
469 1175 600 1214 aetate
621 1182 668 1214 se
687 1166 932 1225 imbuerat,
955 1179 1048 1212 non
1071 1165 1282 1225 saltandi,
1306 1164 1385 1212 sed
1405 1166 1522 1212 bene
1540 1173 1599 1212 ut

254 1231 411 1288 armis,
448 1230 621 1294 optime
654 1239 709 1277 ut
751 1230 879 1294 equis
912 1237 1146 1286 uteretur;
1181 1245 1234 1277 ea
1267 1237 1422 1276 tamen
1456 1228 1597 1276 illum

253 1304 417 1343 cuncta
427 1296 545 1356 jam,
565 1303 696 1342 aetate
711 1294 886 1353 exacta,
905 1293 1174 1341 defecerant.
1200 1294 1381 1357 Itaque,
1398 1292 1593 1340 Deiota-

250 1373 358 1406 rum
381 1374 488 1406 cum
509 1359 663 1420 plures
683 1359 732 1405 in
755 1374 928 1422 equum
952 1358 1252 1416 sustulissent,
1276 1357 1402 1421 quod
1417 1356 1592 1405 haerere

249 1421 299 1468 in
334 1438 388 1469 eo
423 1437 563 1474 senex
598 1431 766 1485 posset,
802 1422 1019 1469 admirari
1053 1422 1322 1470 solebamus.
1359 1421 1456 1469 Hic
1482 1434 1593 1469 vero

247 1485 521 1545 adolescens,
544 1486 627 1549 qui
646 1501 777 1534 meus
797 1486 846 1533 in
862 1486 1025 1535 cilicis
1039 1487 1188 1546 miles,
1202 1486 1250 1533 in
1267 1485 1447 1534 Graecia
1460 1500 1589 1533 eom.-

243 1550 412 1608 milito,
429 1549 537 1607 fuit,
552 1565 659 1597 cum
679 1551 730 1596 in
750 1551 832 1598 illo
853 1561 1008 1599 nos-tro
1021 1551 1221 1599 exercitu
1238 1550 1463 1615 equitaret
1472 1565 1589 1598 cum

239 1613 342 1661 ‘suis
360 1613 542 1661 delectis
577 1614 826 1688 equitibus,
858 1631 974 1682 quos
1003 1615 1098 1663 una
1132 1630 1240 1663 cum
1267 1631 1321 1663 eo
1345 1615 1406 1662 ad
1440 1614 1611 1662 Pom-.

243 1678 403 1741 peium
420 1687 550 1741 pater
570 1688 772 1739 mlserat,
796 1695 911 1743 quos
934 1694 1177 1727 concursus
1205 1679 1351 1727 facere
1372 1678 1581 1753 solebat!

239 1750 647 1854 ffixssffiss
662 1743 1306 1871 ’ἐὲἴζῖὼὶῗέῗεέᾱέΐῗ
1314 1757 1584 1868 ἒὲωωωωὲῗ

238 1870 440 1918 exercitu
475 1871 657 1931 amisso,
692 1887 794 1935 ego,
831 1872 914 1935 qui
938 1872 1062 1934 pacis
1091 1881 1249 1920 auctor
1277 1886 1456 1935 semper
1486 1871 1580 1933 fui,

233 1943 344 1997 post
366 1935 678 1992 Pharsalicum
703 1945 859 1984 autem
875 1936 1090 2000 proelium
1113 1951 1269 1983 suasor
1288 1935 1480 1983 fuissem
1503 1950 1582 1982 ar-

158 2024 161 2027 *
237 2012 423 2047 morum
435 2014 526 2047 non
540 1999 931 2064 deponendorum,
946 2000 1026 2047 sed
1038 2000 1427 2063 ainciendorum
1450 2000 1583 2048 hune

237 2063 298 2110 ad
317 2079 471 2112 meam
492 2065 807 2112 auctoritatem
828 2079 921 2112 non
956 2066 1088 2128 potui
1108 2064 1347 2123 adducere,
1385 2063 1511 2128 quod
1530 2072 1585 2111 et

237 2127 250 2138 ”
286 2144 334 2176 se
353 2129 539 2177 ardebat
562 2128 712 2176 studio
744 2129 888 2191 ipsius
919 2128 1047 2189 belli,
1071 2136 1119 2176 et
1144 2129 1263 2192 patri
1297 2128 1584 2176 satisfaden-

235 2254 249 2266 ·
266 2208 349 2239 um
372 2208 466 2241 esse
486 2194 803 2241 arbitrabatur.
851 2193 986 2241 Felix
1019 2194 1107 2241 ista
1132 2192 1315 2267 domus,
1350 2208 1458 2255 quae
1479 2206 1583 2268 nor!

227 2257 815 2368 ffiffitzemcaffiliiintosliids
868 2258 1127 2381 meigattgmsgl
1143 2322 1225 2384 qui
1254 2328 1299 2368 et
1331 2322 1392 2368 ab
1414 2335 1469 2368 eo
1488 2255 1582 2383 qgai

227 2380 280 2426 in
301 2382 463 2430 iisdem
484 2386 640 2433 castris
659 2385 814 2445 fixerit,
837 2400 929 2432 non
951 2385 1091 2431 modo
1103 2386 1229 2448 apud
1250 2393 1312 2443 te,
1331 2384 1413 2431 sed
1429 2384 1582 2432 etiam

224 2448 259 2488 'a
278 2458 388 2502 suis,
412 2456 657 2494 accusetur.
692 2448 792 2496 Vos
813 2447 963 2497 vestra
992 2448 1191 2496 secunda
1215 2447 1418 2508 fortuna,
1455 2447 1582 2496 cas-

225 2511 430 2615 tor-,gg
444 2511 646 2617 potesn’s,
670 2512 767 2559 sine
790 2512 1158 2576 propinquorum
1174 2512 1454 2574 calamitate,
1471 2527 1580 2560 esse

226 2579 311 2613 mn
1059 2591 1063 2602 ε

224 2691 274 2709 ῃ
288 2629 383 2677 XI·
416 2632 520 2705 §int
541 2650 649 2682 sane
669 2637 938 2699 inimicitiae,
956 2657 1062 2704 quae
1082 2657 1178 2689 esse
1203 2655 1297 2688 non
1319 2639 1575 2689 debebant.

274 2706 331 2739 ex
361 2708 486 2742 emm
507 2695 759 2749 Deiotarus
773 2712 970 2752 vestram
1000 2705 1253 2765 familiam,
1266 2706 1498 2766 abjectam
1520 2713 1580 2752 et
