1858 3020
287 197 378 244 163
546 194 685 245 Psso
715 194 1100 246 DEIOTARO,
1134 194 1261 243 GAP.
1296 196 1345 242 2.

285 352 290 359 ·
339 320 414 370 11.
447 323 696 372 Perturbat
714 338 809 383 me,
835 314 923 372 cni
953 323 1123 382 Caeear,
1148 322 1290 371 etiam
1324 320 1443 382 illud
1474 321 1620 369 intet-

273 385 422 443 dum;
456 387 582 450 quod
602 396 774 448 tamen,
791 403 900 436 cum
913 397 960 435 te
979 387 1162 452 penitus
1182 385 1438 451 recognovi,
1453 385 1618 433 timere

274 449 459 498 desino:
496 467 545 499 re
578 452 703 499 enim
736 452 951 516 iniquum
986 460 1070 511 est,
1105 451 1185 499 sed
1213 451 1296 498 tua
1317 450 1543 512 sapientia
1563 449 1616 496 fit

274 515 607 578 equissimum.
655 517 785 563 Nam
821 516 970 564 dicere
1002 531 1031 563 a
1064 514 1128 562 ud
1161 530 1269 562 eum
1303 513 1362 562 de
1396 514 1615 572 facinore,

273 587 431 626 contra
451 581 584 641 cujus
605 581 748 628 vitam
764 580 1008 628 consilium
1043 579 1234 626 acinoris
1250 578 1614 640 inissearguare,

273 642 313 690 si
333 658 417 706 per
431 644 634 707 seipsum
646 644 913 702 consideres,
936 658 1074 706 grave
1095 651 1191 690 est:
1218 641 1506 691 ,nemoenim
1521 641 1617 689 fere

273 715 357 767 est,
392 708 492 770 qui,
524 708 596 755 sui
626 707 815 771 periculi
844 708 1008 769 judex,
1048 721 1141 754 non
1167 707 1255 755 sibi
1288 721 1338 753 se
1363 706 1614 770 nquiorem

272 784 416 834 quam
450 787 528 819 reo
561 774 775 836 proebeat.
824 772 918 820 Sed
943 780 1042 829 ma,
1070 771 1157 820 Oai
1186 772 1359 829 Caesar,
1393 777 1614 833 prestans

272 835 606 899 singularisque
627 845 792 884 natura
806 836 932 889 hunc
953 835 1071 883 mihi
1082 844 1259 883 metum
1281 833 1465 881 minuit.
1501 833 1550 880 N
1554 847 1615 887 on

274 899 399 947 euim
422 909 518 947 tam
541 900 698 960 timeo,
721 900 835 964 quid
856 910 910 947 tu
932 900 989 948 de
1006 916 1114 963 rege
1138 900 1372 956 Deiotaro,
1387 913 1528 962 quam
1543 892 1616 944 in'-
1716 930 1723 943 ,

269 961 445 1026 'telligo‚
476 964 590 1029 quid
618 964 676 1013 de
717 973 763 1012 te
791 974 974 1013 caeteros
1000 965 1110 1012 velis
1137 964 1356 1025 judicare.
1417 962 1615 1011 Moveor

273 1027 414 1075 etiam
450 1029 539 1077 loci
575 1028 721 1093 ipsius
748 1029 1009 1088 insolentia,
1044 1027 1169 1092 quod
1201 1037 1377 1075 tantam
1406 1041 1611 1085 causam,

305 1101 447 1139 uanta
481 1093 611 1141 nulla
638 1109 847 1167 unquam
880 1093 932 1141 in
963 1091 1286 1156 disceptatione
1316 1099 1492 1139 versata
1525 1097 1612 1151 est,

305 1156 372 1204 ’co
392 1157 514 1205 intra
533 1157 802 1207 domesncos
823 1157 1032 1221 parieteS,
1054 1157 1155 1204 dico
1177 1164 1306 1203 extra
1335 1161 1613 1207 conventum

270 1229 317 1267 et
339 1235 441 1270 eam
462 1221 787 1286 frequentiam,
814 1222 864 1269 in
885 1222 982 1285 qua
1008 1220 1239 1269 oratorum
1262 1218 1413 1268 studia
1432 1218 1519 1265 niti
1542 1216 1614 1275 soj-

269 1284 367 1332 lent
382 1303 397 1333 z
434 1286 484 1333 in
504 1287 596 1334 tuis
618 1287 778 1345 oculis,
800 1286 849 1333 in
880 1295 962 1334 tuo
983 1301 1060 1333 ore
1081 1286 1321 1348 vultuque,
1344 1282 1581 1347 acquiesco
1594 1300 1612 1331 2

271 1356 318 1396 te
347 1365 496 1397 unum
526 1351 735 1398 intueor=
770 1351 830 1398 ad
864 1359 909 1398 te
938 1365 1088 1398 unum
1122 1349 1272 1397 omnis
1300 1363 1405 1397 mea
1439 1355 1616 1415 spectat

271 1414 416 1461 oratio
430 1432 444 1461 ε
480 1430 585 1477 quae
607 1414 723 1463 mihi
744 1415 805 1463 ad
837 1430 966 1478 spem
995 1413 1253 1462 obfinendae
1278 1411 1479 1461 veritatis
1508 1426 1615 1477 gra-

272 1476 459 1526 vissima
479 1487 603 1540 sunt,
626 1479 687 1528 ad
707 1489 891 1528 motum
911 1478 1072 1539 animi,
1103 1487 1149 1526 et
1169 1477 1229 1526 ad
1250 1490 1437 1526 omnem
1465 1475 1615 1540 impe·

272 1550 376 1589 tum
398 1542 595 1602 dicmdi,
618 1544 1066 1608 contentionemque,
1087 1543 1273 1591 leviora.

336 1604 476 1653 Hanc
488 1607 629 1665 enim,
649 1607 734 1655 Cai
747 1608 918 1667 Caesar,
938 1622 1123 1656 causam
1144 1607 1182 1654 si
1205 1606 1254 1653 in
1276 1605 1375 1654 foro
1396 1604 1615 1664 dicerem,

273 1668 434 1717 eodem
456 1670 669 1720 audiente
691 1680 736 1718 et
756 1671 1035 1735 disceptante
1056 1681 1118 1729 te,
1141 1679 1365 1734 quantam
1386 1669 1504 1716 mihi
1519 1670 1616 1724 ala-

271 1732 478 1782 critatem
512 1734 676 1809 populi
714 1736 917 1786 Romani
953 1750 1195 1784 concursus
1232 1734 1442 1782 afferret!
1493 1732 1615 1791 Qui's

271 1796 398 1844 enim
417 1797 526 1846 civis
548 1814 591 1847 ei
611 1799 708 1861 regi
729 1814 822 1847 non
854 1799 1044 1859 faveret,
1061 1800 1194 1860 cujus
1213 1813 1400 1846 omnem
1429 1806 1614 1848 aetatem

269 1860 321 1908 in
336 1862 501 1925 populi
516 1863 721 1914 Romani
734 1863 865 1911 bellis
882 1872 1169 1912 consumtam
1184 1878 1279 1911 esse
1294 1861 1613 1910 meminisset?

271 1924 533 1989 Spectarem
549 1927 724 1975 curiam
739 1943 756 1984 ς
791 1927 992 1976 intuerer
1005 1928 1189 1983 forum3
1224 1926 1390 1974 coelum
1408 1926 1615 1990 denique

270 1996 458 2038 testarer
478 1991 646 2053 ipsum.
689 1991 784 2050 Sic,
822 2007 925 2040 cum
959 2000 1005 2040 et
1025 1991 1233 2040 Deorum
1260 1989 1614 2051 immortalium,

268 2062 317 2101 et
330 2056 494 2118 populi
501 2056 722 2115 Romani,
737 2065 784 2104 et
795 2059 994 2114 senatus,
1011 2054 1230 2104 beneficia
1241 2055 1290 2101 in
1304 2070 1461 2116 regem
1471 2054 1618 2103 Deio.-

267 2126 421 2167 tarum
443 2120 714 2181 recordarer,
737 2120 867 2168 nullo
887 2117 1027 2168 modo
1047 2119 1164 2167 mihi
1179 2118 1332 2167 deesse
1347 2127 1619 2182 possetora-

268 2181 347 2231 tio.
382 2184 505 2245 Quae
526 2185 746 2250 quoniam
767 2184 1031 2248 angustiora
1045 2183 1237 2247 parietes
1258 2182 1450 2241 faciunt,
1473 2180 1618 2230 actio-

269 2263 361 2310 que
374 2265 522 2298 causae
537 2250 741 2298 maxime
754 2248 1017 2298 debilitatur
1032 2249 1163 2306 loco;
1187 2256 1323 2294 tuum
1339 2256 1423 2304 est,
1438 2247 1616 2307 Caesar,

268 2312 352 2372 qui
372 2329 456 2375 pro
477 2313 637 2362 multis
649 2330 769 2377 saepe
780 2312 955 2372 dixisti,
970 2312 1084 2376 quid
1104 2327 1229 2359 nunc
1240 2310 1358 2360 ,mihi
1372 2310 1523 2358 animi
1535 2305 1615 2376 sit,

268 2372 329 2430 ad
350 2384 397 2421 te
417 2376 572 2437 ipsum
593 2377 788 2433 referre3
823 2392 917 2440 quo
947 2376 1125 2423 facilius
1154 2385 1259 2423 tum
1288 2376 1481 2437 aequitas
1513 2382 1616 2434 tua,

269 2441 373 2481 tum
386 2437 601 2486 audiendi
613 2440 867 2502 diligentia,
883 2439 1069 2487 minuat
1087 2440 1206 2486 hanc
1221 2431 1617 2505 perturbationem
1695 2469 1702 2474 -

271 2508 444 2616 mugga
464 2570 713 2625 antequam
728 2566 787 2613 de
807 2543 1093 2614 acmsatione
1108 2565 1210 2629 ips'a
1222 2565 1342 2626 dico,
1358 2564 1418 2617 de
1429 2565 1621 2630 acmen}-

269 2627 424 2694 ,¹⁰¹'un3
444 2638 525 2684 spe
556 2640 705 2686 pauca
733 2628 884 2676 dicam
902 2646 917 2676 ε
953 2628 1036 2691 qui
1057 2645 1165 2678 cum
1198 2630 1442 2678 videantur
1462 2645 1624 2694 neque

187 2694 449 2752 ⁴‘Qemo
470 2698 622 2750 neque
640 2703 730 2737 usu
749 2700 889 2761 atque
910 2692 1233 2744 exercitatione
1253 2708 1412 2745 rerum
1444 2687 1623 2762 valesss,
