1858 3020
523 204 604 252 IN
637 200 966 255 PISONEM.
1000 205 1128 253 CAP.
1161 205 1242 252 40.
1482 204 1548 252 69

205 347 348 396 prum
361 331 514 380 Bonae
525 332 643 382 Deae
655 332 975 409 pulvinaribus
986 332 1226 380 intulisset.
1260 330 1382 392 Qui's
1396 331 1487 379 fuit
1497 332 1547 378 in

207 397 341 444 tanta
361 397 561 457 civitate,
589 413 673 462 qm
700 398 838 445 illum
865 397 1037 445 incesto
1055 397 1319 455 liberatum,
1340 410 1433 444 non
1453 412 1547 454 eos,

208 460 294 524 qui
305 461 373 507 ita
380 461 667 522 Judicarunt,
680 461 783 524 pari
795 461 1215 520 seelereobstrictos,
1225 460 1515 508 arbitraremr
1522 460 1547 505 ⁶?

274 524 390 572 XL.
425 527 508 572 An
535 526 621 588 ego'
655 535 932 589 exspectem,
957 525 1073 572 dum
1106 524 1242 585 deltae
1269 524 1474 588 quinque
1502 531 1551 572 et

212 589 510 652 septuaginta
541 591 723 637 tabellae
743 589 1042 649 diribeantur,
1063 589 1122 637 de
1150 604 1244 653 quo
1274 587 1553 650 J‘ampridem

213 667 379 700 omnes
413 654 628 701 mortales
664 653 874 700 omnium
911 666 1149 716 generum,
1185 662 1402 727 aetatum,
1432 652 1553 699 ordi·

211 717 754 846 flouffireiussuffiffunissuss
780 715 1557 842 Qffsssfussss'effifflffi
1591 744 1616 751 ”

212 852 349 907 putet
368 847 391 892 ἓ
426 847 604 892 Omnes
624 846 894 893 memoriam
915 847 1175 893 consulatus
1195 845 1282 902 tui,
1304 844 1441 902 facta,
1455 858 1558 891 mo·

212 923 307 967 res,
316 907 494 963 ,faciem
516 909 713 973 denique
733 925 786 956 ac
814 924 1000 969 nomen,
1025 926 1054 957 a
1076 907 1313 971 republica
1331 907 1559 954 detestan-

214 979 311 1018 tur.
347 972 532 1035 Legati,
567 974 651 1036 qui
677 974 773 1020 una
797 973 946 1032 fuere,
981 973 1194 1049 alienati:
1229 971 1403 1019 tribuni
1434 971 1560 1018 mili-

215 1043 327 1083 tum
346 1036 521 1084 inimici
539 1054 553 1083 2
588 1038 888 1097 centuriones,
925 1047 972 1086 et
1001 1037 1042 1085 si
1061 1037 1144 1100 qui
1174 1051 1233 1083 ex
1266 1044 1394 1083 tanto
1428 1050 1559 1083 exer-

218 1100 316 1147 citu
349 1100 516 1163 reliqui
540 1101 707 1149 milites
729 1110 925 1159 exstant,
955 1116 1048 1149 non
1075 1100 1251 1148 dimissi
1282 1102 1364 1148 abs
1393 1108 1455 1159 te,
1478 1099 1559 1147 sed

219 1163 451 1226 dissipati,
474 1174 519 1212 te
540 1165 766 1222 oderunt3
800 1165 885 1213 tibi
904 1174 1080 1251 pestem
1107 1173 1342 1227 exoptant,
1364 1172 1410 1211 te
1430 1179 1560 1211 exse-

220 1236 424 1275 crantur.
457 1229 640 1276 Achaia
647 1231 887 1289 exhausta,
914 1229 1147 1277 thessalia
1161 1236 1341 1285 vexata,
1353 1228 1562 1275 lacerata

218 1292 443 1349 Athenae,
467 1292 811 1355 Dyrrhachium
832 1302 878 1341 et
897 1292 1151 1356 Apollonia
1171 1291 1418 1348 exinanita,
1437 1291 1561 1337 Am·

216 1355 377 1403 bracia
396 1356 590 1419 direpta,
623 1357 834 1405 Parthini
863 1365 909 1405 et
935 1357 1197 1405 Bullienses
1221 1355 1361 1414 illusi,
1384 1354 1560 1418 Epirus

222 1419 393 1478 excisa,
438 1421 591 1479 Locri,
632 1422 809 1480 Phocii,
855 1421 1025 1469 Boeotii
1066 1420 1233 1480 exusti,
1275 1418 1557 1479 Acarnania,

221 1484 576 1548 Amphilochia,
595 1484 874 1547 Perrhaebia,
889 1486 1306 1548 Athamanumque
1315 1498 1429 1549 gens
1449 1497 1560 1531 ven-

219 1549 338 1607 dita,
361 1549 639 1598 Macedonia
658 1551 912 1599 condonata
932 1551 1152 1608 barbaris,
1176 1550 1353 1597 AEtolia
1372 1548 1556 1608 amissa,

220 1612 449 1676 Dolopes,
484 1614 761 1678 finitimique
787 1615 1013 1672 montani,
1051 1614 1232 1678 oppidis
1263 1622 1403 1678 atque
1435 1613 1559 1677 agris

221 1678 533 1735 exterminati,
556 1679 676 1726 cives
698 1678 919 1735 Romani,
943 1679 1024 1741 qui
1044 1679 1094 1725 in
1116 1679 1171 1725 iis
1190 1678 1301 1725 locis
1322 1678 1560 1740 negotian-

222 1749 324 1798 tur,
346 1749 392 1787 te
405 1756 552 1789 unum
567 1743 720 1790 solum
732 1756 870 1789 suum
886 1742 1265 1803 depeculatorem,
1280 1751 1559 1801 vexatorem,

220 1802 506 1868 praedonem,
527 1805 726 1863 hostem,
749 1805 922 1853 venisse
944 1813 1192 1852 senserunt.

285 1868 372 1916 Ad
381 1870 550 1917 horum
564 1870 775 1917 omnium
793 1868 968 1929 ¹judicia
979 1877 1047 1915 tot
1062 1883 1090 1915 a
1139 1884 1202 1916 ue
1215 1876 1360 1928 tanta,
1377 1869 1559 1917 domes-

221 1933 371 1981 ticum
388 1933 618 1994 judicium
639 1934 824 1981 accessit
848 1932 1083 1981 sententiae
1165 1933 1408 1982 mnationis
1427 1943 1555 1990 tuae3

220 1996 432 2045 occultus
469 1997 710 2056 adventus,
731 1996 956 2045 furtivum
977 1997 1062 2045 iter
1088 2013 1170 2061 per
1191 1997 1396 2055 Italiam,
1417 1998 1562 2044 inu-o-

206 2061 318 2110 ‘itus
339 2060 390 2107 in
412 2062 593 2109 Urbem
613 2062 816 2109 desertus
832 2063 891 2109 ab
911 2061 1089 2120 amicis,
1110 2062 1252 2110 nullae
1272 2061 1333 2109 ad
1353 2065 1563 2108 senatum

222 2141 251 2173 e
269 2125 510 2189 provincia
528 2125 687 2184 literae,
711 2125 841 2172 nulla
873 2140 932 2173 ex
953 2125 1083 2173 trinis
1115 2126 1280 2174 aestivis
1502 2123 1513 2134 ‘
1545 2155 1563 2180 ‚

218 2190 360 2237 nulla
395 2188 621 2252 triumphi
654 2189 840 2237 mentio.
892 2190 942 2237 N
945 2203 1006 2237 on
1037 2190 1176 2237 modo
1204 2185 1319 2252 quid
1354 2186 1562 2249 gesseris,

222 2254 305 2301 sed
327 2267 388 2301 ne
416 2253 587 2315 quibus
610 2254 661 2300 in
685 2253 797 2301 locis
829 2253 1018 2328 quidem
1044 2253 1203 2311 fueris,
1230 2251 1377 2299 dicere
1405 2249 1560 2298 audes.

224 2316 307 2365 Ex
327 2317 412 2364 illo
432 2316 560 2365 fonte
586 2326 631 2365 et
650 2318 894 2365 seminario
918 2316 1279 2379 triumphorum,
1301 2328 1408 2361 cum
1437 2314 1566 2362 arida

223 2380 340 2429 folia
368 2381 540 2429 laureae
577 2381 836 2438 remlisses3
869 2396 979 2429 cum
1006 2395 1060 2427 ea
1093 2377 1356 2440 abjecta'ad
1384 2386 1566 2441 portam

225 2445 474 2507 reliquisti,
510 2454 614 2493 tum
640 2454 694 2493 tu
719 2444 817 2509 ipse
845 2445 904 2496 de
938 2453 985 2492 te
1018 2442 1223 2489 “fecisse
1247 2441 1429 2490 videri”
1462 2455 1568 2504 pro-

223 2509 514 2556 nuntiavisti.
549 2509 649 2568 Qui
670 2508 711 2557 si
729 2508 848 2556 nihil
867 2520 1071 2571 gesseras
1082 2504 1277 2567 dignum
1287 2504 1476 2577 honore,
1488 2504 1573 2551 ubi

225 2573 459 2620 exercitus
473 2576 496 2621 ἲ
517 2573 602 2620 ubi
615 2580 796 2620 sumtus
805 2575 828 2620 ἓ
850 2572 936 2618 ubi
947 2568 1194 2630 imperium
1208 2570 1230 2616 Ρ
1252 2567 1335 2614 ubi
1347 2568 1427 2613 illa
1438 2569 1576 2613 uber-

223 2635 352 2684 rima
379 2636 799 2711 supplicationibus
825 2630 1165 2695 triumphisque
1217 2630 1418 2678 rovinoia
1435 2631 1459 2674 ἲ
1493 2625 1578 2695 §in

225 2708 387 2749 autem
397 2699 770 2766 ahquidsperare
781 2693 1172 2755 volueras,sicogi
1305 2686 1584 2751 fflquodun·
