1858 3020
424 215 831 265 PHILIPPICA
863 215 1017 265 xm.
1050 216 1179 266 Gar.
1217 218 1291 265 18.
1431 217 1536 264 ³85

189 373 197 380 ·
261 345 298 373 ‘⁶
320 343 559 404 Quoniam
583 360 666 393 vos
692 346 1073 396 assentationibus
1093 355 1142 395 et
1166 346 1399 395 venenatis
1430 360 1540 393 mu·-

184 409 385 456 meribus
420 409 654 457 venistis?
687 410 940 474 Depravati
965 426 1019 459 ac
1052 410 1253 474 corrupti
1282 418 1407 468 sunt,
1429 410 1537 486 qui·

198 474 289 521 bus
320 489 590 536 persuasum
629 474 1048 532 est‚„foedissimum
1074 475 1254 522 hostem
1283 475 1539 536 justissimo

199 537 324 585 bello
345 538 556 602 persequi
572 542 595 587 ἒ
630 542 667 569 “
688 538 761 587 At
779 539 1006 596 militibus
1029 539 1217 588 inclusis
1237 551 1373 602 opem
1393 538 1537 586 fertis-

197 602 339 650 Nihil
360 617 516 649 moror
550 618 627 650 eos
652 603 800 651 salvos
828 619 941 662 me,
972 612 1019 651 et
1050 603 1118 651 ire
1142 618 1238 667 quo
1261 602 1464 665 jubetisz
1499 602 1539 649 si

197 673 357 713 tamen
388 667 629 729 patiuntur
662 667 809 731 perire
838 683 966 725 eum,
1001 667 1084 730 qui
1123 667 1343 715 meruit.”
1375 666 1537 725 Quam

198 730 430 793 benigue!
470 730 669 795 denique
707 732 778 779 usi
806 732 1079 779 liberalitate
1112 731 1328 792 Antonii,
1370 730 1541 778 milites

196 795 521 856 imperatorem
542 795 841 859 reliquerunt,
860 804 907 843 et
920 810 971 843 se
991 796 1051 842 ad
1066 796 1263 854 hostem,
1286 803 1413 843 metu
1435 809 1540 858 per-

197 857 363 915 territi,
391 858 714 907 contulerunt:
747 874 831 923 per
861 874 979 923 quos
1010 859 1051 906 si
1083 875 1176 908 non
1203 859 1412 917 stetisset,
1445 873 1539 906 non

197 921 448 970 Dolabella
458 922 587 986 prius
598 923 864 986 imperatori
880 938 981 984 suo,
997 939 1140 988 quam
1152 924 1388 971 Antonius
1401 923 1540 971 etiam

197 986 796 1100 oeq‘egggneordigsgcutsm
827 1068 923 1101 esse
956 1017 1238 1101 mentionem
1262 1052 1457 1100 scribitis
1488 1051 1539 1098 in

200 1124 383 1174 senatu,
406 1124 453 1162 et
483 1116 656 1184 legatos
681 1132 778 1165 esse
798 1118 1058 1165 consulares
1090 1116 1309 1180 quinque.
1342 1116 1545 1164 Difficile

190 1188 272 1227 est
292 1179 488 1237 credere,
512 1196 604 1238 eos,
627 1181 711 1244 qui
731 1197 808 1229 me
818 1182 1102 1246 praeeipitem
1124 1181 1315 1244 egerint,
1409 1180 1544 1227 nissi-

200 1259 305 1291 mas
331 1243 612 1292 conditiones
641 1246 881 1305 ferentem,
911 1255 960 1293 et
991 1254 1148 1293 tamen
1178 1260 1236 1292 ex
1261 1197 1544 1307 hisaessiquid

199 1307 435 1356 remittere
467 1309 758 1372 cogitantem,
781 1319 964 1372 putare,
997 1308 1174 1372 aliquid
1199 1309 1433 1356 moderate
1461 1316 1544 1355 aut

190 1372 408 1420 humane
428 1388 526 1420 esse
546 1373 759 1422 facturos.
794 1374 894 1422 Vix
923 1373 1064 1421 etiam
1091 1372 1334 1421 verisimile
1354 1380 1439 1431 est,
1493 1372 1546 1419 ui

196 1436 506 1497 Judioeverint
539 1438 718 1486 hostem
740 1436 1036 1486 Dolabellam
1057 1438 1118 1485 ob
1152 1437 1453 1485 rectissimum
1462 1388 1546 1484 ‘ia-

201 1499 354 1558 einus,
391 1501 572 1550 eosdem
598 1502 730 1551 nobis
761 1518 946 1566 parcere
971 1519 1121 1567 posse,
1155 1502 1280 1551 idem
1310 1501 1544 1551 sentienti-

186 1566 347 1614 ·bus.”
382 1566 617 1615 Parumne
633 1567 813 1616 videtur
827 1568 1041 1616 omnium
1060 1567 1313 1616 facinorum
1327 1567 1416 1616 sibi
1436 1582 1545 1615 cum

202 1630 455 1678 Doth
470 1631 728 1679 societatem
740 1631 904 1680 initam
917 1633 1120 1681 confiteri
1137 1632 1149 1679 !
1178 1648 1329 1681 nonne
1344 1632 1545 1692 cernitis,

200 1710 265 1743 ex
293 1709 390 1741 uno
423 1695 549 1743 fonte
573 1696 731 1743 omnia
751 1697 919 1743 scelera
947 1711 1135 1744 manare
1150 1699 1173 1744 ἲ
1207 1698 1317 1760 Ipse
1346 1696 1545 1758 denique

202 1759 378 1806 fatetur
399 1758 506 1811 (hoc
539 1759 728 1823 quidem
751 1760 858 1806 satis
878 1769 1031 1819 acute)
1065 1774 1159 1807 non
1190 1775 1321 1823 posse
1346 1776 1438 1819 eos,
1462 1759 1545 1822 qui

200 1824 386 1871 hostem
404 1822 701 1872 Dolabellam
732 1823 1037 1884 judicaverint
1064 1825 1123 1871 ob
1152 1825 1454 1872 rectissimum
1476 1823 1546 1871 fs-

201 1888 354 1961 cinuffi
378 1888 465 1940 (its
484 1888 608 1936 enim
632 1888 811 1936 videtur
831 1888 1063 1947 Antonio)
1092 1888 1179 1936 sibi
1198 1904 1399 1953 parcere,
1420 1888 1545 1935 idem

201 1952 433 2000 sentienti.
860 1984 867 1987 -
1517 1992 1521 1996 .

270 2015 475 2063 XVIII.
510 2015 640 2075 Quid
660 2017 769 2065 huic
800 2017 956 2079 facias,
979 2019 1061 2083 qui
1081 2018 1181 2067 hoec
1206 2018 1349 2066 literis
1369 2031 1546 2063 memo-

201 2080 380 2143 riieque
399 2080 646 2140 mandarit,
669 2081 735 2129 ita
755 2082 842 2131 sibi
862 2085 1124 2131 convenisse
1145 2098 1252 2129 cum
1279 2079 1545 2138 Dolabella,

199 2153 259 2192 ut
291 2145 373 2192 ille
406 2144 710 2202 Trebonium,
746 2156 810 2204 et,
849 2148 888 2194 si
929 2155 1097 2210 posset,
1137 2145 1276 2192 etiam
1318 2143 1541 2200 Brutum,

201 2209 440 2267 Cassium,
475 2202 765 2258 discruciatos
798 2219 996 2268 necaret,
1034 2208 1286 2270 eademque
1318 2205 1545 2252 inhiberet

203 2272 436 2335 supplicia
468 2274 635 2322 nobis?
668 2273 1018 2322 Conservandus
1052 2271 1162 2319 civis
1194 2284 1303 2318 cum
1333 2277 1430 2315 tam
1464 2269 1544 2332 pio

198 2338 423 2400 justoque
455 2336 634 2386 foedere.
670 2339 720 2386 Is
740 2338 878 2385 etiam
901 2336 1109 2399 queritur
1140 2333 1417 2383 conditiones
1437 2348 1544 2380 suas

199 2401 485 2513 {pumat-’³⁸’
580 2418 664 2477 uas
684 2401 884 2476 quidem-
908 2410 955 2475 et
975 2398 1310 2512 verecugiddasbezu
1319 2406 1374 2445 ut
1401 2398 1544 2446 habe-

296 2465 502 2512 Galham
589 2476 750 2513 timam
792 2474 1076 2528 aptissimam
1309 2477 1392 2511 um
1411 2477 1546 2511 reno-

201 2529 414 2576 vandum
446 2499 876 2592 instruendum’que,
910 2498 1194 2592 provinciam
1212 2545 1227 2575 z
1262 2536 1318 2575 ut
1342 2527 1548 2575 Alauda

200 2593 255 2640 in
291 2593 431 2643 tertis
463 2593 650 2641 decuria.
677 2593 953 2654 judicarent,
985 2591 1038 2639 id
1071 2600 1156 2650 est,
1195 2600 1250 2639 ut
1281 2591 1546 2655 perfugium

180 2656 433 2713 ,scelerum
454 2665 572 2705 esset
589 2671 705 2718 ,eum
725 2656 1001 2719 turpissimis
1021 2655 1285 2719 reipublice
1305 2654 1514 2703 sordibus
1530 2668 1545 2698 =

268 2721 463 2778 (Orat.)
491 2732 621 2767 vor..
644 2733 713 2768 iv.
1136 2721 1169 2767 2
1192 2732 1227 2767 1.
