1858 3020
557 141 697 190 PRO
728 140 982 192 BALBO.
1017 140 1143 192 Car.
1178 144 1256 192 21.
1513 144 1571 191 21

242 276 339 326 setg
371 268 656 332 omniajura
682 271 794 319 belli
822 272 1076 335 perdiscere
1103 288 1156 321 ac
1180 274 1316 320 nosse
1342 271 1576 336 potuisse:

243 332 328 381 sibi
348 349 444 381 non
466 333 608 382 fixisse
628 335 843 395 dubium,
866 337 983 411 quin
1003 337 1133 385 nullo
1152 337 1334 396 foedere,
1365 353 1393 384 a
1422 352 1471 384 re
1490 352 1580 400 pu-

152 442 159 449 .
242 397 363 445 blica
382 401 503 446 bene
516 399 731 462 gerenda,
754 400 1055 464 impediretur
1071 418 1087 458 ;
1122 417 1211 449 ase
1225 417 1285 449 ex
1306 401 1584 463 conjunctis-2

239 461 360 510 sima
380 470 522 526 atque
537 463 812 512 amicissima
825 465 1007 513 civitate
1029 466 1327 514 fortissimum
1349 481 1584 529 quemque

241 540 339 574 esse
355 526 583 575 delectum
599 544 616 584 ς
640 543 791 592 neque
805 530 1121 592 Iguvinatium
1133 545 1284 593 neque
1298 530 1584 577 Camertium

240 590 411 638 foedere
444 607 540 640 esse
574 601 835 656 exceptum,
871 595 1119 656 quominus
1148 608 1306 642 eorum
1331 594 1523 653 civibus,
1554 609 1584 640 a

238 655 418 718 populo
438 656 670 716 Romano,
693 657 884 719 praemia
904 658 1083 706 virtutis
1104 659 1427 706 tribuerentur.

307 719 455 767 XXI.
490 721 677 784 Itaque,
699 736 824 780 cum,
853 722 1013 785 paucis
1040 723 1173 770 annis
1199 731 1304 786 poa
1334 722 1455 769 hanc
1475 720 1585 768 civi-

240 782 350 830 tatis
372 783 687 845 donationem,
709 785 927 833 acerrima
948 785 1005 833 de
1024 787 1205 835 civitate
1226 786 1436 850 quaestio,
1460 785 1587 832 Lici-

240 847 324 894 nia
345 856 392 895 et
414 848 580 896 Mucia
603 850 723 912 lege,
757 850 980 906 venissetg
1014 866 1131 898 num
1165 851 1271 914 quis
1299 865 1475 909 eorum,
1503 849 1587 913 qui

242 911 304 958 de
325 910 555 960 foederatis
576 913 835 961 civitatibus
861 923 975 962 esset
1000 916 1180 963 civitate
1200 915 1413 972 donatus,
1435 914 1486 960 in
1508 915 1588 974 ju-

241 973 421 1023 dicium
442 984 511 1025 est
539 986 724 1025 vocatus
738 978 760 1023 ?
792 993 900 1025 nam
933 979 1195 1042 Spoletinus
1224 979 1283 1027 L.
1315 977 1585 1037 Matrinius,

241 1053 368 1087 unus
389 1056 449 1088 ex
478 1042 537 1090 iis
568 1058 684 1105 quos
714 1041 768 1090 C.
799 1043 986 1090 Marius
1009 1044 1189 1091 civitate
1216 1042 1441 1102 donasset,
1469 1042 1589 1090 dixit

241 1119 432 1153 causam
453 1122 513 1153 ex
533 1106 713 1154 colonia
733 1107 920 1168 latina,
939 1108 988 1154 in
1010 1108 1171 1171 primis
1192 1108 1332 1164 firma.
1342 1115 1388 1154 et
1400 1106 1585 1154 illustri.
1647 1118 1655 1124 ·

245 1166 407 1225 Quem
429 1186 537 1218 cum
568 1171 764 1218 disertus
784 1172 942 1231 homo,
974 1171 1032 1218 1..
1056 1172 1308 1231 Antistius,
1338 1178 1584 1227 accusaret,

243 1232 508 1294 Spoletinus
528 1232 665 1293 dixit,
693 1234 893 1283 fundum
919 1236 1149 1299 populum
1178 1236 1211 1283 S
1271 1235 1466 1281 letinum
1492 1248 1588 1281 non

243 1310 345 1343 esse
363 1297 552 1347 factum.
586 1299 790 1347 Videbat
810 1300 953 1359 enim,
970 1301 1166 1364 populos
1216 1315 1240 1346 e
1256 1313 1339 1346 suo
1356 1299 1477 1359 jure,
1494 1311 1588 1345 non

241 1359 303 1406 de
335 1371 506 1423 nostro,
539 1363 710 1411 fundos
744 1364 843 1411 fieri
864 1365 1037 1421 solere;
1072 1363 1168 1424 sed,
1199 1378 1307 1411 cum
1328 1363 1429 1426 lege
1450 1362 1589 1425 Apu-

238 1423 336 1472 leia
355 1427 543 1475 oolonioe
562 1442 658 1475 non
684 1437 832 1476 essent
864 1428 1087 1487 deductae,
1122 1428 1218 1491 qua
1245 1429 1348 1490 lege
1377 1425 1588 1475 Saturni-

242 1504 338 1538 nus
364 1490 422 1539 C.
447 1492 602 1541 Mario
624 1493 807 1553 ussei-at,
831 1502 887 1541 ut
906 1493 957 1540 in
979 1488 1180 1557 singulas
1202 1492 1399 1541 colonias
1434 1500 1587 1540 ternos

239 1555 366 1630 cives
380 1556 617 1637 {Romanos
629 1558 777 1605 facere
788 1566 959 1620 posset,
968 1560 1180 1620 negabat,
1193 1558 1282 1605 hoc
1293 1556 1585 1617 beneficium,

243 1634 297 1666 re
315 1634 599 1734 ffisgabet
612 1621 1029 1733 εἰῐῖἒὶιῗιῗᾱῗιῗξείἒῖι
1043 1685 1269 1734 accusatio
1280 1702 1295 1732 ε
1330 1685 1409 1733 sed
1426 1693 1581 1732 tamen

243 1755 378 1794 tanta
408 1751 652 1798 auctoritas
685 1749 736 1796 in
772 1749 828 1797 C.
864 1750 1022 1797 Mario
1050 1751 1155 1809 fuit,
1186 1759 1257 1808 ut,
1284 1764 1377 1797 non
1402 1765 1485 1812 per
1521 1748 1581 1795 1..

242 1811 482 1873 Crassum,
517 1815 705 1862 affinem
744 1829 901 1872 suum,
932 1815 1166 1862 hominem
1200 1814 1456 1862 incredibili
1491 1813 1586 1861 elo-

241 1876 450 1939 quentia,
472 1879 550 1925 sed
570 1879 732 1942 paucis
750 1879 848 1941 ipse
879 1879 1047 1937 verbis,
1070 1894 1255 1926 causam
1284 1879 1414 1926 illam
1434 1877 1586 1940 gravi-

241 1949 339 1987 tate
359 1942 445 1989 sua
465 1942 721 1991 defenderit
751 1951 797 1989 et
816 1943 1034 2005 probarit.
1069 1943 1190 2001 Quis
1210 1943 1334 1990 enim
1355 1952 1486 2000 esset,
1507 1943 1586 2002 ju-

239 2004 380 2064 dices,
403 2006 488 2070 qui
506 2006 860 2070 imperatoribus
889 2008 1074 2067 nostris,
1095 2007 1146 2053 in
1165 2008 1308 2066 bello,
1328 2006 1379 2053 in
1400 2006 1512 2062 acie,
1535 2004 1587 2052 in

243 2071 468 2128 exercitu,
490 2070 721 2118 delectum
748 2070 960 2129 virtutis3
996 2072 1079 2135 qui
1107 2072 1255 2130 sociis,
1286 2070 1369 2134 qui
1396 2069 1588 2116 foedera-

243 2132 322 2191 tis,
346 2134 396 2180 in
433 2134 723 2182 defendenda
750 2136 986 2198 republica
1014 2136 1184 2194 nostra,
1210 2150 1340 2198 spem
1376 2131 1591 2196 praemio-

242 2213 372 2258 rum,
394 2199 511 2261 eripi
532 2199 703 2246 vellet?
736 2200 877 2258 Quod
909 2200 949 2247 si
976 2201 1132 2248 vultus
1154 2200 1210 2247 C.
1234 2197 1398 2254 Marii,
1420 2196 1459 2242 si
1480 2210 1589 2255 vox,
1630 2252 1635 2256 ²

245 2262 284 2310 si
302 2263 386 2309 ille
397 2262 721 2326 imperatorius
736 2262 870 2310 ardor
884 2265 1142 2323 oculorum,
1160 2263 1200 2310 si
1214 2269 1414 2309 recentes
1427 2260 1592 2306 trium-

243 2327 347 2389 phi,
380 2326 419 2374 si
447 2323 650 2390 praesens
679 2327 825 2374 valuit
849 2328 1122 2391 adspectum
1157 2326 1307 2375 valeat
1328 2323 1587 2382 auctoritas,

244 2391 430 2438 valeant
451 2406 522 2438 res
549 2400 708 2454 gestae,
738 2392 886 2439 valeat
917 2390 1157 2449 memoria,
1184 2390 1334 2436 valeat
1358 2388 1593 2435 fortissimi

244 2462 293 2502 et
311 2454 557 2503 clarissimi
577 2455 666 2503 viri
684 2469 854 2503 nomen
876 2465 1116 2503 aeternum.
1150 2453 1221 2501 Sit
1239 2453 1327 2499 hoc
1347 2450 1591 2498 discrimen

244 2518 367 2569 inter
385 2518 610 2581 gratiosoe
624 2520 751 2567 cives
771 2527 910 2593 atque
924 2519 1090 2580 fortes,
1102 2525 1158 2563 ut
1177 2515 1247 2562 illi
1267 2515 1361 2588 viyi
1379 2514 1600 2586 fruantur

245 2584 413 2647 opibus
425 2584 523 2632 suis
537 2600 555 2640 ς
581 2583 772 2641 horum,
791 2591 931 2630 etiam
944 2589 1250 2636 mortuorum,
1269 2581 1329 2631 (si
1346 2584 1600 2637 quisquam·
