1858 3020
276 185 367 236 ιιι
571 185 709 237 PRO
738 148 1039 235 'mmm-2
1074 186 1200 234 cn.
1235 187 1316 234 34.

281 317 370 363 bus
391 314 499 362 Set.
517 314 681 365 Clodio
700 316 834 375 duce,
855 315 1050 363 curiam
1043 314 1337 363 incmderit?
1371 313 1484 373 Quo
1504 311 1623 377 quid

286 378 1628 509 ffffffi'mqffimmmbmss'mffisssmffiuss'dmmmffl

285 502 477 583 publici,
488 517 626 572 calmt
634 507 828 572 [urbis]
837 523 965 555 aram
973 508 1218 566 sociorum,
1226 515 1411 570 portum
1419 506 1633 554 omnium

289 572 515 635 gentium,
533 574 688 620 sedem
708 575 768 620 ab
789 573 1000 620 universo
1020 572 1195 635 populo
1215 572 1431 619 Romano
1445 585 1631 618 cmces·

291 651 393 684 sam
413 636 496 683 uni
516 637 682 694 ordini,
703 636 998 694 inflammari,
1021 636 1240 694 exscindi,
1257 635 1510 683 funestari!
1546 648 1630 681 ne

293 716 388 764 que
405 699 455 748 id
476 700 574 749 fieri
589 717 619 748 a
637 701 935 748 multitudine
954 700 1168 763 imperita
1189 704 1510 762 (quamquam
1509 705 1633 746 esset

293 765 516 812 miserum
532 765 585 812 id
605 766 798 828 ipsum),
828 765 906 812 sed
937 767 996 815 ab
1017 780 1138 820 ιιιιο·
1173 764 1273 826 qui,
1306 777 1416 810 cum
1444 770 1632 810 tantum

293 843 433 876 ausus
453 829 514 877 sit
532 838 658 877 ustor
677 845 761 893 pro
772 838 973 887 mortuo,
987 828 1101 903 quid
1117 827 1304 890 signifer
1323 842 1406 901 pro
1419 826 1525 874 vivo
1535 840 1631 874 non

297 901 413 940 esset
431 909 571 941 ausus
585 897 608 942 ?
643 895 703 941 In
723 893 898 941 curiam
919 892 1212 955 potissimum
1239 890 1421 952 abjecit,
1451 898 1507 938 ut
1526 904 1631 938 eam

297 966 508 1005 mortuus
528 958 801 1032 incenderet..
810 972 968 1039 ’quam
989 957 1120 1004 vivus
1141 963 1373 1007 everterat·

364 1023 431 1069 Et
451 1031 576 1082 sunt,
599 1023 681 1096 qui
701 1022 759 1069 de
779 1021 856 1069 via
882 1021 1046 1084 Appia
1101 1029 1335 1078 uei-antur,
1371 1025 1551 1067 taceant
1576 1018 1637 1066 de

301 1085 466 1134 curia?
502 1095 548 1134 et
574 1086 657 1150 qui
677 1089 737 1134 ab
767 1101 821 1134 eo
854 1086 1055 1148 spirante
1097 1100 1232 1139 orum
1252 1083 1639 1159 putentpotuime

301 1148 501 1208 defendi,
536 1152 670 1213 cujus
698 1164 792 1198 non
825 1149 1037 1198 restiterit
1064 1148 1271 1197 cadaveri
1294 1147 1421 1195 curia
1438 1150 1460 1194 Ρ
1493 1146 1639 1194 Exci-

302 1222 414 1289 tate,
437 1214 629 1272 excitate
649 1230 776 1274 eum,
799 1214 838 1262 si
866 1213 1076 1288 potestis,
1105 1215 1165 1261 ab
1186 1212 1355 1259 inferis.
1397 1210 1643 1274 Frangetis

303 1277 531 1354 impetum
553 1280 662 1337 vivi,
685 1281 817 1340 cujus
837 1279 916 1326 vix
952 1277 1184 1326 sustinetis
1214 1276 1357 1325 furias
1382 1275 1604 1350 insepulti
1617 1276 1641 1322 Ρ

305 1343 397 1390 nisi
419 1359 526 1392 vero
541 1343 815 1393 sustinuistis
830 1357 924 1401 eos,
948 1342 1031 1406 qui
1060 1357 1168 1390 cum
1189 1340 1364 1388 facibus
1384 1339 1445 1387 ad
1464 1339 1644 1387 curiam

307 1416 619 1467 cucurrerunt,
649 1423 758 1455 cum
782 1406 977 1454 falcibus
1011 1406 1071 1453 ad
1104 1404 1321 1463 castoris,
1348 1419 1456 1452 cum
1476 1402 1644 1467 gladiis

306 1479 405 1519 toto
423 1471 524 1520 foro
544 1471 806 1520 volitarunt.
854 1470 985 1519 Caedi
1012 1470 1188 1519 vidistis
1199 1468 1442 1544 populum
1465 1468 1646 1516 Roma-

307 1549 441 1594 num,
459 1536 721 1583 concionem
741 1534 905 1599 gladiis
919 1534 1183 1594 disturbari,
1197 1548 1305 1581 cum
1325 1533 1562 1587 audiretur
1582 1532 1646 1580 si-

309 1599 452 1646 lentio
473 1599 549 1646 M.
572 1551 774 1658 Coelius,
780 1599 993 1647 tribunus
1006 1599 1169 1663 plebis,
1185 1598 1254 1646 vir
1270 1606 1317 1645 et
1328 1597 1377 1644 in
1393 1612 1443 1646 re
1457 1595 1646 1661 publica

308 1655 601 1723 fortissimus,
619 1664 725 1720 etin
742 1663 953 1726 suscepta
965 1664 1103 1711 causa
1118 1662 1422 1721 firmissimus,
1439 1670 1487 1710 et
1501 1663 1648 1709 bono-

309 1742 417 1782 rum
433 1729 658 1776 voluntati
678 1736 724 1775 et
738 1727 996 1775 auctoritati
1009 1730 1189 1775 senatos
1202 1725 1401 1784 deditus,
1416 1733 1479 1783 et,
1491 1725 1545 1773 in
1562 1725 1650 1773 hac

313 1790 508 1846 Milonis
529 1793 623 1841 sive
642 1792 816 1840 invidis
836 1792 933 1840 sive
951 1792 1137 1840 fortuna
1161 1790 1399 1853 singulari,
1422 1789 1583 1840 divina
1602 1797 1649 1837 et

310 1853 564 1903 incredibili
585 1857 688 1904 fide.

379 1919 624 1970 XXXIV.
658 1922 751 1970 Sed
780 1923 880 1996 jam
915 1922 1025 1978 satis
1047 1921 1197 1970 multa
1229 1921 1287 1968 de
1315 1918 1453 1972 causa
1468 1936 1483 1972 ε
1517 1926 1651 1967 extra

312 1998 500 2033 causam
521 1985 661 2033 etiam
681 1986 819 2033 nimis
839 1986 1029 2033 fortasse
1042 1987 1204 2033 multa.
1238 1985 1369 2043 Quid
1389 1991 1546 2040 restat,
1560 1981 1652 2030 nisi

312 2056 368 2096 ut
388 2064 514 2096 orem
543 2051 829 2113 obtesterque
857 2065 955 2109 vos,
981 2035 1176 2111 judices,
1198 2059 1253 2098 ut
1272 2065 1377 2100 eam
1396 2046 1653 2095 misericor-

313 2112 441 2163 «liam
478 2114 689 2162 tribuatis
713 2114 959 2163 fortissimo
989 2115 1107 2172 viro,
1146 2130 1290 2177 quam
1314 2114 1413 2176 ipse
1445 2126 1539 2159 non
1559 2111 1654 2158 im-

311 2178 496 2243 plorat3
531 2194 633 2242 ego,
669 2179 808 2227 etiam
837 2187 1122 2242 repugnante
1148 2178 1254 2236 hoc,
1284 2186 1338 2234 et
1361 2176 1578 2240 imploro,
1609 2182 1656 2222 et

311 2245 543 2306 exposco?
579 2237 755 2302 Nolite,
778 2244 833 2301 si,
851 2243 901 2290 in
922 2252 1077 2291 nostro
1096 2243 1306 2318 omnium
1318 2242 1448 2300 fletu,
1471 2240 1656 2295 nullam

313 2305 567 2371 lacrymam
588 2308 890 2383 adspexistis
903 2305 1130 2364 Milonis·
1174 2307 1213 2355 si
1254 2306 1437 2359 vultum
1473 2318 1658 2367 semper

313 2371 547 2431 eumdem,
583 2372 622 2418 si
650 2388 824 2433 vocem,
855 2371 894 2420 si
921 2372 1191 2447 orationem,
1228 2370 1439 2424 stabilem
1462 2383 1526 2416 ae
1557 2381 1656 2415 non

313 2406 547 2481 mutatam,
563 2435 740 2495 videtis,
763 2438 850 2484 hoc
869 2436 1026 2483 minus
1046 2435 1089 2483 ei
1119 2450 1330 2498 parcere.
1356 2443 1507 2509 'atque
1526 2430 1656 2479 haud

310 2509 423 2569 amq,
445 2511 506 2545 an
526 2499 677 2546 multo
697 2501 836 2547 etiam
857 2501 916 2548 sit
935 2498 1223 2560 adjuvandus
1241 2498 1407 2561 magis·
1429 2496 1653 2554 Etenim,

310 2557 370 2616 si,
392 2558 442 2604 in
475 2560 756 2620 gladiatoriis
776 2564 961 2626 pugnis,
985 2571 1032 2611 et
1050 2563 1100 2610 in
1130 2563 1282 2616 infimi
1301 2562 1482 2629 generis
1502 2560 1656 2608 homi-

314 2634 432 2672 num
453 2622 709 2671 conditione
731 2635 870 2688 atque
898 2614 1103 2686 fortuna,
1126 2626 1313 2674 timidoe
1342 2635 1389 2673 et
1409 2622 1655 2688 supplices,

148 2692 373 2770 flet,
411 2692 466 2731 ut
501 2685 650 2733 vivere
683 2688 832 2745 liceat,
856 2692 1162 2750 obsecrantes,
1191 2690 1331 2738 etiam
1366 2689 1514 2738 odisse
1540 2688 1659 2736 sole-
