<?xml version="1.0" encoding="UTF-8"?>
<!DOCTYPE html PUBLIC "-//W3C//DTD XHTML 1.0 Transitional//EN"
    "http://www.w3.org/TR/xhtml1/DTD/xhtml1-transitional.dtd">
<html xmlns="http://www.w3.org/1999/xhtml" xml:lang="en" lang="en">
 <head>
  <title>
</title>
<meta http-equiv="Content-Type" content="text/html;charset=utf-8" />
  <meta name='ocr-system' content='tesseract 3.04.00' />
  <meta name='ocr-capabilities' content='ocr_page ocr_carea ocr_par ocr_line ocrx_word'/>
</head>
<body>
  <div class='ocr_page' id='page_1' title='image "./operaexeditioni05ernegoog_0292.png"; bbox 0 0 1858 3020; ppageno 0'>
   <div class='ocr_carea' id='block_1_1' title="bbox 307 131 1343 224">
    <p class='ocr_par' dir='ltr' id='par_1_1' title="bbox 307 131 1343 224">
     <span class='ocr_line' id='line_1_1' title="bbox 307 131 1343 224; baseline -0.01 -1"><span class='ocrx_word' id='word_1_1' title='bbox 307 169 405 224; x_wconf 72' lang='lat'><strong>274</strong></span> <span class='ocrx_word' id='word_1_2' title='bbox 617 131 1024 217; x_wconf 62' lang='lat' dir='ltr'><strong>mmmm</strong></span> <span class='ocrx_word' id='word_1_3' title='bbox 1044 165 1108 215; x_wconf 89' lang='lat' dir='ltr'><strong>v.</strong></span> <span class='ocrx_word' id='word_1_4' title='bbox 1130 165 1257 215; x_wconf 55' lang='lat' dir='ltr'><strong>cir.</strong></span> <span class='ocrx_word' id='word_1_5' title='bbox 1280 164 1343 213; x_wconf 74' lang='grc'><strong>8.·</strong></span> 
     </span>
    </p>
   </div>
   <div class='ocr_carea' id='block_1_2' title="bbox 303 294 1656 2545">
    <p class='ocr_par' dir='ltr' id='par_1_2' title="bbox 305 294 1650 1004">
     <span class='ocr_line' id='line_1_2' title="bbox 305 294 1649 356; baseline 0.001 -12"><span class='ocrx_word' id='word_1_6' title='bbox 305 295 384 356; x_wconf 52' lang='lat' dir='ltr'><strong>sic,</strong></span> <span class='ocrx_word' id='word_1_7' title='bbox 398 294 524 343; x_wconf 80' lang='lat' dir='ltr'><strong>enirn</strong></span> <span class='ocrx_word' id='word_1_8' title='bbox 544 303 777 345; x_wconf 69' lang='lat' dir='ltr'><strong>skama-at.</strong></span> <span class='ocrx_word' id='word_1_9' title='bbox 820 296 947 345; x_wconf 89' lang='lat' dir='ltr'><strong>Cum</strong></span> <span class='ocrx_word' id='word_1_10' title='bbox 968 305 1125 345; x_wconf 81' lang='lat' dir='ltr'><strong>autem</strong></span> <span class='ocrx_word' id='word_1_11' title='bbox 1144 297 1286 344; x_wconf 69' lang='lat' dir='ltr'><strong>seuiel</strong></span> <span class='ocrx_word' id='word_1_12' title='bbox 1428 295 1441 308; x_wconf 87' lang='lat'>’</span> <span class='ocrx_word' id='word_1_13' title='bbox 1548 304 1649 345; x_wconf 75' lang='lat' dir='ltr'><strong>see-⁹</strong></span> 
     </span>
     <span class='ocr_line' id='line_1_3' title="bbox 305 359 1646 419; baseline 0.001 -12"><span class='ocrx_word' id='word_1_14' title='bbox 305 359 1315 419; x_wconf 55' lang='lat' dir='ltr'><strong>lmimbuioeeenunaraeeifinemeaeden</strong></span> <span class='ocrx_word' id='word_1_15' title='bbox 1349 360 1361 371; x_wconf 75' lang='lat'><strong>⁹</strong></span> <span class='ocrx_word' id='word_1_16' title='bbox 1403 360 1646 408; x_wconf 76' lang='lat' dir='ltr'><strong>nisidefa-</strong></span> 
     </span>
     <span class='ocr_line' id='line_1_4' title="bbox 307 422 1643 485; baseline 0.001 -14"><span class='ocrx_word' id='word_1_17' title='bbox 307 422 467 485; x_wconf 83' lang='lat' dir='ltr'><strong>tigatio</strong></span> <span class='ocrx_word' id='word_1_18' title='bbox 482 433 530 472; x_wconf 89' lang='lat' dir='ltr'><strong>et</strong></span> <span class='ocrx_word' id='word_1_19' title='bbox 548 425 745 484; x_wconf 82' lang='lat' dir='ltr'><strong>satietas,</strong></span> <span class='ocrx_word' id='word_1_20' title='bbox 759 426 997 473; x_wconf 72' lang='lat' dir='ltr'><strong>attulisset.</strong></span> <span class='ocrx_word' id='word_1_21' title='bbox 1031 426 1220 473; x_wconf 83' lang='lat' dir='ltr'><strong>Etenim</strong></span> <span class='ocrx_word' id='word_1_22' title='bbox 1237 424 1466 473; x_wconf 72' lang='lat' dir='ltr'><strong>adei-atla.</strong></span> <span class='ocrx_word' id='word_1_23' title='bbox 1483 425 1643 485; x_wconf 77' lang='lat' dir='ltr'><strong>frater,</strong></span> 
     </span>
     <span class='ocr_line' id='line_1_5' title="bbox 307 487 1647 554; baseline 0.001 -19"><span class='ocrx_word' id='word_1_24' title='bbox 307 487 534 550; x_wconf 70' lang='lat' dir='ltr'><strong>gladiator</strong></span> <span class='ocrx_word' id='word_1_25' title='bbox 558 489 807 549; x_wconf 85' lang='lat' dir='ltr'><strong>Asiaticus,</strong></span> <span class='ocrx_word' id='word_1_26' title='bbox 830 491 913 554; x_wconf 88' lang='lat' dir='ltr'><strong>qui</strong></span> <span class='ocrx_word' id='word_1_27' title='bbox 933 490 1154 537; x_wconf 81' lang='lat' dir='ltr'><strong>mirmillo</strong></span> <span class='ocrx_word' id='word_1_28' title='bbox 1175 489 1374 552; x_wconf 79' lang='lat' dir='ltr'><strong>Mylasis</strong></span> <span class='ocrx_word' id='word_1_29' title='bbox 1401 489 1647 552; x_wconf 61' lang='lat' dir='ltr'><strong>depugna-</strong></span> 
     </span>
     <span class='ocr_line' id='line_1_6' title="bbox 310 552 1646 617; baseline 0.001 -18"><span class='ocrx_word' id='word_1_30' title='bbox 310 560 410 600; x_wconf 78' lang='lat' dir='ltr'><strong>rat:</strong></span> <span class='ocrx_word' id='word_1_31' title='bbox 445 553 719 617; x_wconf 78' lang='lat' dir='ltr'><strong>sanguinem</strong></span> <span class='ocrx_word' id='word_1_32' title='bbox 738 564 949 602; x_wconf 80' lang='lat' dir='ltr'><strong>nostrum</strong></span> <span class='ocrx_word' id='word_1_33' title='bbox 981 555 1177 614; x_wconf 75' lang='lat' dir='ltr'><strong>sitiebat,</strong></span> <span class='ocrx_word' id='word_1_34' title='bbox 1199 569 1339 601; x_wconf 89' lang='lat' dir='ltr'><strong>suum</strong></span> <span class='ocrx_word' id='word_1_35' title='bbox 1359 552 1409 600; x_wconf 89' lang='lat' dir='ltr'><strong>in</strong></span> <span class='ocrx_word' id='word_1_36' title='bbox 1439 553 1523 600; x_wconf 67' lang='lat' dir='ltr'><strong>ina</strong></span> <span class='ocrx_word' id='word_1_37' title='bbox 1543 554 1646 616; x_wconf 84' lang='lat' dir='ltr'><strong>gla-</strong></span> 
     </span>
     <span class='ocr_line' id='line_1_7' title="bbox 308 615 1647 683; baseline 0 -19"><span class='ocrx_word' id='word_1_38' title='bbox 308 615 503 665; x_wconf 59' lang='lat' dir='ltr'><strong>diatoria</strong></span> <span class='ocrx_word' id='word_1_39' title='bbox 540 619 700 681; x_wconf 62' lang='lat' dir='ltr'><strong>pugna</strong></span> <span class='ocrx_word' id='word_1_40' title='bbox 731 620 938 669; x_wconf 85' lang='lat' dir='ltr'><strong>multum</strong></span> <span class='ocrx_word' id='word_1_41' title='bbox 974 618 1252 683; x_wconf 78' lang='lat' dir='ltr'><strong>profuderat.</strong></span> <span class='ocrx_word' id='word_1_42' title='bbox 1298 618 1395 665; x_wconf 87' lang='lat' dir='ltr'><strong>Hie</strong></span> <span class='ocrx_word' id='word_1_43' title='bbox 1428 617 1647 681; x_wconf 80' lang='lat' dir='ltr'><strong>pecunias</strong></span> 
     </span>
     <span class='ocr_line' id='line_1_8' title="bbox 308 683 1648 746; baseline 0.001 -18"><span class='ocrx_word' id='word_1_44' title='bbox 308 692 484 729; x_wconf 79' lang='lat' dir='ltr'><strong>nostras</strong></span> <span class='ocrx_word' id='word_1_45' title='bbox 521 683 805 740; x_wconf 74' lang='lat' dir='ltr'><strong>aestimabat3</strong></span> <span class='ocrx_word' id='word_1_46' title='bbox 840 683 1139 746; x_wconf 80' lang='lat' dir='ltr'><strong>possessiones</strong></span> <span class='ocrx_word' id='word_1_47' title='bbox 1170 684 1358 731; x_wconf 80' lang='lat' dir='ltr'><strong>notabat</strong></span> <span class='ocrx_word' id='word_1_48' title='bbox 1378 690 1425 729; x_wconf 91' lang='lat' dir='ltr'><strong>et</strong></span> <span class='ocrx_word' id='word_1_49' title='bbox 1445 684 1648 729; x_wconf 83' lang='lat' dir='ltr'><strong>urbanas</strong></span> 
     </span>
     <span class='ocr_line' id='line_1_9' title="bbox 308 746 1646 809; baseline 0 -16"><span class='ocrx_word' id='word_1_50' title='bbox 308 753 355 793; x_wconf 85' lang='lat' dir='ltr'><strong>et</strong></span> <span class='ocrx_word' id='word_1_51' title='bbox 384 746 601 794; x_wconf 78' lang='lat' dir='ltr'><strong>rusticas:</strong></span> <span class='ocrx_word' id='word_1_52' title='bbox 635 747 777 809; x_wconf 85' lang='lat' dir='ltr'><strong>hujus</strong></span> <span class='ocrx_word' id='word_1_53' title='bbox 811 747 1097 807; x_wconf 77' lang='lat' dir='ltr'><strong>mendicitas,</strong></span> <span class='ocrx_word' id='word_1_54' title='bbox 1133 747 1348 794; x_wconf 85' lang='lat' dir='ltr'><strong>aviditate</strong></span> <span class='ocrx_word' id='word_1_55' title='bbox 1381 747 1646 807; x_wconf 73' lang='lat' dir='ltr'><strong>conjuncta,</strong></span> 
     </span>
     <span class='ocr_line' id='line_1_10' title="bbox 307 809 1650 875; baseline -0.001 -18"><span class='ocrx_word' id='word_1_56' title='bbox 307 809 358 856; x_wconf 89' lang='lat' dir='ltr'><strong>in</strong></span> <span class='ocrx_word' id='word_1_57' title='bbox 379 810 585 858; x_wconf 81' lang='lat' dir='ltr'><strong>fortunas</strong></span> <span class='ocrx_word' id='word_1_58' title='bbox 606 820 780 859; x_wconf 85' lang='lat' dir='ltr'><strong>nostras</strong></span> <span class='ocrx_word' id='word_1_59' title='bbox 800 812 1099 860; x_wconf 83' lang='lat' dir='ltr'><strong>imminebat:</strong></span> <span class='ocrx_word' id='word_1_60' title='bbox 1123 811 1355 859; x_wconf 83' lang='lat' dir='ltr'><strong>dividebat</strong></span> <span class='ocrx_word' id='word_1_61' title='bbox 1374 826 1526 873; x_wconf 83' lang='lat' dir='ltr'><strong>agros,</strong></span> <span class='ocrx_word' id='word_1_62' title='bbox 1544 809 1650 875; x_wconf 90' lang='lat' dir='ltr'><strong>qui-</strong></span> 
     </span>
     <span class='ocr_line' id='line_1_11' title="bbox 307 873 1649 949; baseline -0.001 -28"><span class='ocrx_word' id='word_1_63' title='bbox 307 875 397 922; x_wconf 85' lang='lat' dir='ltr'><strong>bus</strong></span> <span class='ocrx_word' id='word_1_64' title='bbox 418 885 464 922; x_wconf 91' lang='lat' dir='ltr'><strong>et</strong></span> <span class='ocrx_word' id='word_1_65' title='bbox 484 890 600 949; x_wconf 83' lang='lat' dir='ltr'><strong>quos</strong></span> <span class='ocrx_word' id='word_1_66' title='bbox 616 876 821 924; x_wconf 83' lang='lat' dir='ltr'><strong>volebat=</strong></span> <span class='ocrx_word' id='word_1_67' title='bbox 845 877 1004 923; x_wconf 78' lang='lat' dir='ltr'><strong>nullus</strong></span> <span class='ocrx_word' id='word_1_68' title='bbox 1015 876 1168 924; x_wconf 71' lang='lat' dir='ltr'><strong>adime</strong></span> <span class='ocrx_word' id='word_1_69' title='bbox 1187 885 1285 922; x_wconf 85' lang='lat' dir='ltr'><strong>erat</strong></span> <span class='ocrx_word' id='word_1_70' title='bbox 1303 875 1499 938; x_wconf 79' lang='lat' dir='ltr'><strong>privato,</strong></span> <span class='ocrx_word' id='word_1_71' title='bbox 1517 873 1649 921; x_wconf 79' lang='lat' dir='ltr'><strong>nulla</strong></span> 
     </span>
     <span class='ocr_line' id='line_1_12' title="bbox 309 939 1523 1004; baseline -0.001 -18"><span class='ocrx_word' id='word_1_72' title='bbox 309 939 537 1001; x_wconf 72' lang='lat' dir='ltr'><strong>equitans</strong></span> <span class='ocrx_word' id='word_1_73' title='bbox 557 940 826 1003; x_wconf 73' lang='lat' dir='ltr'><strong>deprecatio.</strong></span> <span class='ocrx_word' id='word_1_74' title='bbox 873 940 1085 989; x_wconf 87' lang='lat' dir='ltr'><strong>Tantum</strong></span> <span class='ocrx_word' id='word_1_75' title='bbox 1107 941 1303 1004; x_wconf 88' lang='lat' dir='ltr'><strong>quisque</strong></span> <span class='ocrx_word' id='word_1_76' title='bbox 1321 939 1523 986; x_wconf 78' lang='lat' dir='ltr'><strong>habebat</strong></span> 
     </span>
    </p>

    <p class='ocr_par' dir='ltr' id='par_1_3' title="bbox 303 1003 1656 2545">
     <span class='ocr_line' id='line_1_13' title="bbox 305 1003 1646 1070; baseline 0 -20"><span class='ocrx_word' id='word_1_77' title='bbox 305 1017 466 1062; x_wconf 80' lang='lat' dir='ltr'><strong>sessor,</strong></span> <span class='ocrx_word' id='word_1_78' title='bbox 488 1017 717 1067; x_wconf 85' lang='lat' dir='ltr'><strong>quantum</strong></span> <span class='ocrx_word' id='word_1_79' title='bbox 751 1004 996 1070; x_wconf 80' lang='lat' dir='ltr'><strong>reliquerat</strong></span> <span class='ocrx_word' id='word_1_80' title='bbox 1032 1005 1201 1052; x_wconf 86' lang='lat' dir='ltr'><strong>divisor</strong></span> <span class='ocrx_word' id='word_1_81' title='bbox 1221 1003 1471 1052; x_wconf 87' lang='lat' dir='ltr'><strong>Antonius.</strong></span> <span class='ocrx_word' id='word_1_82' title='bbox 1574 1018 1646 1050; x_wconf 78' lang='lat' dir='ltr'><strong>uae</strong></span> 
     </span>
     <span class='ocr_line' id='line_1_14' title="bbox 306 1069 1647 1133; baseline -0.001 -18"><span class='ocrx_word' id='word_1_83' title='bbox 306 1082 610 1131; x_wconf 85' lang='lat' dir='ltr'><strong>quamquam,</strong></span> <span class='ocrx_word' id='word_1_84' title='bbox 642 1069 681 1116; x_wconf 86' lang='lat' dir='ltr'><strong>si</strong></span> <span class='ocrx_word' id='word_1_85' title='bbox 713 1069 837 1133; x_wconf 81' lang='lat' dir='ltr'><strong>leges</strong></span> <span class='ocrx_word' id='word_1_86' title='bbox 869 1069 1021 1117; x_wconf 76' lang='lat' dir='ltr'><strong>irritas</strong></span> <span class='ocrx_word' id='word_1_87' title='bbox 1051 1069 1261 1127; x_wconf 74' lang='lat' dir='ltr'><strong>feceritis,</strong></span> <span class='ocrx_word' id='word_1_88' title='bbox 1288 1075 1388 1115; x_wconf 83' lang='lat' dir='ltr'><strong>rata</strong></span> <span class='ocrx_word' id='word_1_89' title='bbox 1421 1082 1520 1114; x_wconf 65' lang='lat' dir='ltr'><strong>esse</strong></span> <span class='ocrx_word' id='word_1_90' title='bbox 1553 1081 1647 1115; x_wconf 86' lang='lat' dir='ltr'><strong>non</strong></span> 
     </span>
     <span class='ocr_line' id='line_1_15' title="bbox 304 1131 1647 1197; baseline 0.001 -20"><span class='ocrx_word' id='word_1_91' title='bbox 304 1140 526 1194; x_wconf 78' lang='lat' dir='ltr'><strong>possunt3</strong></span> <span class='ocrx_word' id='word_1_92' title='bbox 561 1141 715 1180; x_wconf 81' lang='lat' dir='ltr'><strong>tamen</strong></span> <span class='ocrx_word' id='word_1_93' title='bbox 738 1134 982 1197; x_wconf 87' lang='lat' dir='ltr'><strong>separatim</strong></span> <span class='ocrx_word' id='word_1_94' title='bbox 1005 1148 1089 1181; x_wconf 84' lang='lat' dir='ltr'><strong>suo</strong></span> <span class='ocrx_word' id='word_1_95' title='bbox 1110 1133 1296 1181; x_wconf 89' lang='lat' dir='ltr'><strong>nomine</strong></span> <span class='ocrx_word' id='word_1_96' title='bbox 1315 1131 1520 1179; x_wconf 83' lang='lat' dir='ltr'><strong>notanda</strong></span> <span class='ocrx_word' id='word_1_97' title='bbox 1540 1146 1647 1179; x_wconf 87' lang='lat' dir='ltr'><strong>een-</strong></span> 
     </span>
     <span class='ocr_line' id='line_1_16' title="bbox 306 1195 1647 1261; baseline -0.001 -18"><span class='ocrx_word' id='word_1_98' title='bbox 306 1211 413 1252; x_wconf 83' lang='lat' dir='ltr'><strong>seo;</strong></span> <span class='ocrx_word' id='word_1_99' title='bbox 445 1196 856 1261; x_wconf 80' lang='lat' dir='ltr'><strong>judicandumque,</strong></span> <span class='ocrx_word' id='word_1_100' title='bbox 879 1198 1031 1245; x_wconf 84' lang='lat' dir='ltr'><strong>nullos</strong></span> <span class='ocrx_word' id='word_1_101' title='bbox 1052 1196 1346 1261; x_wconf 77' lang='lat' dir='ltr'><strong>septemviros</strong></span> <span class='ocrx_word' id='word_1_102' title='bbox 1364 1195 1538 1252; x_wconf 80' lang='lat' dir='ltr'><strong>fuisse3</strong></span> <span class='ocrx_word' id='word_1_103' title='bbox 1575 1195 1647 1243; x_wconf 87' lang='lat' dir='ltr'><strong>ni-</strong></span> 
     </span>
     <span class='ocr_line' id='line_1_17' title="bbox 308 1259 1649 1324; baseline -0.001 -16"><span class='ocrx_word' id='word_1_104' title='bbox 308 1259 1070 1324; x_wconf 83' lang='lat' dir='ltr'><strong>hilplacereratumesse,quod</strong></span> <span class='ocrx_word' id='word_1_105' title='bbox 1107 1259 1649 1309; x_wconf 82' lang='lat' dir='ltr'><strong>abiisactumdieere-</strong></span> 
     </span>
     <span class='ocr_line' id='line_1_18' title="bbox 386 1388 1648 1452; baseline -0.001 -15"><span class='ocrx_word' id='word_1_106' title='bbox 386 1389 538 1438; x_wconf 89' lang='lat' dir='ltr'><strong>VIII.</strong></span> <span class='ocrx_word' id='word_1_107' title='bbox 574 1389 794 1439; x_wconf 85' lang='lat' dir='ltr'><strong>Marcum</strong></span> <span class='ocrx_word' id='word_1_108' title='bbox 831 1405 938 1438; x_wconf 81' lang='lat' dir='ltr'><strong>vero</strong></span> <span class='ocrx_word' id='word_1_109' title='bbox 969 1390 1251 1450; x_wconf 88' lang='lat' dir='ltr'><strong>Antonium,</strong></span> <span class='ocrx_word' id='word_1_110' title='bbox 1288 1388 1392 1452; x_wconf 84' lang='lat' dir='ltr'><strong>quis</strong></span> <span class='ocrx_word' id='word_1_111' title='bbox 1437 1399 1524 1449; x_wconf 86' lang='lat' dir='ltr'><strong>est,</strong></span> <span class='ocrx_word' id='word_1_112' title='bbox 1564 1388 1648 1452; x_wconf 87' lang='lat' dir='ltr'><strong>qui</strong></span> 
     </span>
     <span class='ocr_line' id='line_1_19' title="bbox 307 1453 1649 1519; baseline -0.001 -18"><span class='ocrx_word' id='word_1_113' title='bbox 307 1453 454 1502; x_wconf 84' lang='lat' dir='ltr'><strong>civem</strong></span> <span class='ocrx_word' id='word_1_114' title='bbox 488 1454 632 1517; x_wconf 83' lang='lat' dir='ltr'><strong>possit</strong></span> <span class='ocrx_word' id='word_1_115' title='bbox 661 1455 867 1517; x_wconf 76' lang='lat' dir='ltr'><strong>Judicare</strong></span> <span class='ocrx_word' id='word_1_116' title='bbox 897 1454 1067 1519; x_wconf 82' lang='lat' dir='ltr'><strong>potius,</strong></span> <span class='ocrx_word' id='word_1_117' title='bbox 1104 1469 1247 1518; x_wconf 85' lang='lat' dir='ltr'><strong>quam</strong></span> <span class='ocrx_word' id='word_1_118' title='bbox 1283 1453 1572 1502; x_wconf 71' lang='lat' dir='ltr'><strong>teterrimum</strong></span> <span class='ocrx_word' id='word_1_119' title='bbox 1601 1460 1649 1500; x_wconf 86' lang='lat' dir='ltr'><strong>et</strong></span> 
     </span>
     <span class='ocr_line' id='line_1_20' title="bbox 305 1518 1646 1583; baseline 0.001 -18"><span class='ocrx_word' id='word_1_120' title='bbox 305 1518 673 1566; x_wconf 87' lang='lat' dir='ltr'><strong>crudelissimum</strong></span> <span class='ocrx_word' id='word_1_121' title='bbox 694 1520 891 1578; x_wconf 89' lang='lat' dir='ltr'><strong>hostem,</strong></span> <span class='ocrx_word' id='word_1_122' title='bbox 909 1519 1010 1582; x_wconf 88' lang='lat' dir='ltr'><strong>qui,</strong></span> <span class='ocrx_word' id='word_1_123' title='bbox 1028 1534 1113 1583; x_wconf 88' lang='lat' dir='ltr'><strong>pro</strong></span> <span class='ocrx_word' id='word_1_124' title='bbox 1133 1518 1230 1566; x_wconf 80' lang='lat' dir='ltr'><strong>aede</strong></span> <span class='ocrx_word' id='word_1_125' title='bbox 1251 1518 1453 1567; x_wconf 82' lang='lat' dir='ltr'><strong>Castoris</strong></span> <span class='ocrx_word' id='word_1_126' title='bbox 1468 1518 1646 1576; x_wconf 87' lang='lat' dir='ltr'><strong>sedens,</strong></span> 
     </span>
     <span class='ocr_line' id='line_1_21' title="bbox 304 1581 1652 1656; baseline 0.001 -27"><span class='ocrx_word' id='word_1_127' title='bbox 304 1581 519 1629; x_wconf 86' lang='lat' dir='ltr'><strong>audiente</strong></span> <span class='ocrx_word' id='word_1_128' title='bbox 538 1582 711 1656; x_wconf 84' lang='lat' dir='ltr'><strong>populo</strong></span> <span class='ocrx_word' id='word_1_129' title='bbox 733 1583 965 1642; x_wconf 83' lang='lat' dir='ltr'><strong>Romano,</strong></span> <span class='ocrx_word' id='word_1_130' title='bbox 980 1583 1165 1643; x_wconf 81' lang='lat' dir='ltr'><strong>dixerit,</strong></span> <span class='ocrx_word' id='word_1_131' title='bbox 1186 1583 1275 1631; x_wconf 82' lang='lat' dir='ltr'><strong>nisi</strong></span> <span class='ocrx_word' id='word_1_132' title='bbox 1295 1583 1530 1642; x_wconf 82' lang='lat' dir='ltr'><strong>victorem,</strong></span> <span class='ocrx_word' id='word_1_133' title='bbox 1554 1583 1652 1630; x_wconf 84' lang='lat' dir='ltr'><strong>vic-</strong></span> 
     </span>
     <span class='ocr_line' id='line_1_22' title="bbox 307 1646 1648 1711; baseline 0 -17"><span class='ocrx_word' id='word_1_134' title='bbox 307 1653 466 1694; x_wconf 83' lang='lat' dir='ltr'><strong>turum</strong></span> <span class='ocrx_word' id='word_1_135' title='bbox 500 1660 734 1694; x_wconf 87' lang='lat' dir='ltr'><strong>nemmem</strong></span> <span class='ocrx_word' id='word_1_136' title='bbox 749 1649 771 1694; x_wconf 83' lang='lat'><strong>?</strong></span> <span class='ocrx_word' id='word_1_137' title='bbox 807 1648 942 1695; x_wconf 89' lang='lat' dir='ltr'><strong>Num</strong></span> <span class='ocrx_word' id='word_1_138' title='bbox 975 1648 1166 1711; x_wconf 85' lang='lat' dir='ltr'><strong>putatis,</strong></span> <span class='ocrx_word' id='word_1_139' title='bbox 1201 1655 1352 1711; x_wconf 85' lang='lat' dir='ltr'><strong>patres</strong></span> <span class='ocrx_word' id='word_1_140' title='bbox 1386 1646 1648 1710; x_wconf 80' lang='lat' dir='ltr'><strong>conscripti,</strong></span> 
     </span>
     <span class='ocr_line' id='line_1_23' title="bbox 305 1709 1651 1775; baseline 0 -18"><span class='ocrx_word' id='word_1_141' title='bbox 305 1709 475 1758; x_wconf 82' lang='lat' dir='ltr'><strong>dixisse</strong></span> <span class='ocrx_word' id='word_1_142' title='bbox 490 1725 599 1757; x_wconf 90' lang='lat' dir='ltr'><strong>eum</strong></span> <span class='ocrx_word' id='word_1_143' title='bbox 620 1710 863 1771; x_wconf 81' lang='lat' dir='ltr'><strong>minacius,</strong></span> <span class='ocrx_word' id='word_1_144' title='bbox 886 1728 1026 1775; x_wconf 85' lang='lat' dir='ltr'><strong>quam</strong></span> <span class='ocrx_word' id='word_1_145' title='bbox 1050 1711 1280 1759; x_wconf 84' lang='lat' dir='ltr'><strong>facturum</strong></span> <span class='ocrx_word' id='word_1_146' title='bbox 1299 1711 1481 1759; x_wconf 66' lang='lat' dir='ltr'><strong>fuisse?</strong></span> <span class='ocrx_word' id='word_1_147' title='bbox 1514 1711 1651 1770; x_wconf 86' lang='lat' dir='ltr'><strong>Quid</strong></span> 
     </span>
     <span class='ocr_line' id='line_1_24' title="bbox 307 1774 1652 1839; baseline 0 -17"><span class='ocrx_word' id='word_1_148' title='bbox 307 1789 429 1831; x_wconf 83' lang='lat' dir='ltr'><strong>vero,</strong></span> <span class='ocrx_word' id='word_1_149' title='bbox 452 1774 578 1839; x_wconf 92' lang='lat' dir='ltr'><strong>quod</strong></span> <span class='ocrx_word' id='word_1_150' title='bbox 598 1775 648 1822; x_wconf 91' lang='lat' dir='ltr'><strong>in</strong></span> <span class='ocrx_word' id='word_1_151' title='bbox 670 1776 883 1824; x_wconf 86' lang='lat' dir='ltr'><strong>concione</strong></span> <span class='ocrx_word' id='word_1_152' title='bbox 903 1776 1051 1824; x_wconf 79' lang='lat' dir='ltr'><strong>dicere</strong></span> <span class='ocrx_word' id='word_1_153' title='bbox 1069 1792 1207 1823; x_wconf 81' lang='lat' dir='ltr'><strong>ausus</strong></span> <span class='ocrx_word' id='word_1_154' title='bbox 1228 1781 1311 1833; x_wconf 65' lang='lat' dir='ltr'><strong>est,</strong></span> <span class='ocrx_word' id='word_1_155' title='bbox 1334 1791 1399 1834; x_wconf 90' lang='lat' dir='ltr'><strong>se,</strong></span> <span class='ocrx_word' id='word_1_156' title='bbox 1418 1790 1527 1823; x_wconf 88' lang='lat' dir='ltr'><strong>cum</strong></span> <span class='ocrx_word' id='word_1_157' title='bbox 1548 1791 1652 1822; x_wconf 83' lang='lat' dir='ltr'><strong>ma-</strong></span> 
     </span>
     <span class='ocr_line' id='line_1_25' title="bbox 306 1838 1649 1900; baseline 0.001 -15"><span class='ocrx_word' id='word_1_158' title='bbox 306 1838 500 1900; x_wconf 81' lang='lat' dir='ltr'><strong>gistratu</strong></span> <span class='ocrx_word' id='word_1_159' title='bbox 537 1841 724 1900; x_wconf 77' lang='lat' dir='ltr'><strong>abisset,</strong></span> <span class='ocrx_word' id='word_1_160' title='bbox 748 1841 808 1888; x_wconf 81' lang='lat' dir='ltr'><strong>ad</strong></span> <span class='ocrx_word' id='word_1_161' title='bbox 829 1840 1008 1889; x_wconf 87' lang='lat' dir='ltr'><strong>Urbem</strong></span> <span class='ocrx_word' id='word_1_162' title='bbox 1029 1840 1241 1887; x_wconf 87' lang='lat' dir='ltr'><strong>futurum</strong></span> <span class='ocrx_word' id='word_1_163' title='bbox 1266 1856 1375 1887; x_wconf 89' lang='lat' dir='ltr'><strong>cum</strong></span> <span class='ocrx_word' id='word_1_164' title='bbox 1413 1839 1649 1895; x_wconf 75' lang='lat' dir='ltr'><strong>exercitu3</strong></span> 
     </span>
     <span class='ocr_line' id='line_1_26' title="bbox 308 1902 1650 1967; baseline 0.001 -18"><span class='ocrx_word' id='word_1_165' title='bbox 308 1902 623 1963; x_wconf 83' lang='lat' dir='ltr'><strong>introiturum,</strong></span> <span class='ocrx_word' id='word_1_166' title='bbox 646 1904 1024 1967; x_wconf 81' lang='lat' dir='ltr'><strong>quotiescumque</strong></span> <span class='ocrx_word' id='word_1_167' title='bbox 1045 1905 1215 1952; x_wconf 76' lang='lat' dir='ltr'><strong>vellet?</strong></span> <span class='ocrx_word' id='word_1_168' title='bbox 1238 1903 1369 1963; x_wconf 89' lang='lat' dir='ltr'><strong>Quid</strong></span> <span class='ocrx_word' id='word_1_169' title='bbox 1385 1914 1482 1951; x_wconf 84' lang='lat' dir='ltr'><strong>erat</strong></span> <span class='ocrx_word' id='word_1_170' title='bbox 1501 1902 1650 1963; x_wconf 86' lang='lat' dir='ltr'><strong>aliud,</strong></span> 
     </span>
     <span class='ocr_line' id='line_1_27' title="bbox 307 1966 1655 2033; baseline 0 -20"><span class='ocrx_word' id='word_1_171' title='bbox 307 1966 398 2014; x_wconf 81' lang='lat' dir='ltr'><strong>nisi</strong></span> <span class='ocrx_word' id='word_1_172' title='bbox 422 1966 691 2016; x_wconf 87' lang='lat' dir='ltr'><strong>denuntiare</strong></span> <span class='ocrx_word' id='word_1_173' title='bbox 722 1969 895 2033; x_wconf 89' lang='lat' dir='ltr'><strong>populo</strong></span> <span class='ocrx_word' id='word_1_174' title='bbox 920 1969 1137 2016; x_wconf 85' lang='lat' dir='ltr'><strong>Romano</strong></span> <span class='ocrx_word' id='word_1_175' title='bbox 1171 1968 1435 2016; x_wconf 81' lang='lat' dir='ltr'><strong>servitutem</strong></span> <span class='ocrx_word' id='word_1_176' title='bbox 1450 1970 1473 2015; x_wconf 69' lang='grc' dir='ltr'><strong>Ξ)</strong></span> <span class='ocrx_word' id='word_1_177' title='bbox 1504 1966 1655 2025; x_wconf 80' lang='lat' dir='ltr'><strong>Quod</strong></span> 
     </span>
     <span class='ocr_line' id='line_1_28' title="bbox 307 2029 1654 2096; baseline 0 -17"><span class='ocrx_word' id='word_1_178' title='bbox 307 2039 465 2079; x_wconf 89' lang='lat' dir='ltr'><strong>autem</strong></span> <span class='ocrx_word' id='word_1_179' title='bbox 486 2029 585 2092; x_wconf 74' lang='lat' dir='ltr'><strong>ejus</strong></span> <span class='ocrx_word' id='word_1_180' title='bbox 616 2032 702 2080; x_wconf 87' lang='lat' dir='ltr'><strong>iter</strong></span> <span class='ocrx_word' id='word_1_181' title='bbox 722 2032 1028 2080; x_wconf 87' lang='lat' dir='ltr'><strong>Brundisium</strong></span> <span class='ocrx_word' id='word_1_182' title='bbox 1044 2035 1067 2080; x_wconf 67' lang='grc' dir='ltr'><strong><em>ἓ</em></strong></span> <span class='ocrx_word' id='word_1_183' title='bbox 1101 2049 1207 2096; x_wconf 83' lang='lat' dir='ltr'><strong>quae</strong></span> <span class='ocrx_word' id='word_1_184' title='bbox 1239 2032 1469 2079; x_wconf 70' lang='lat' dir='ltr'><strong>festinatio</strong></span> <span class='ocrx_word' id='word_1_185' title='bbox 1486 2034 1508 2079; x_wconf 85' lang='lat'>?</span> <span class='ocrx_word' id='word_1_186' title='bbox 1544 2045 1654 2095; x_wconf 75' lang='lat' dir='ltr'><strong>quae</strong></span> 
     </span>
     <span class='ocr_line' id='line_1_29' title="bbox 305 2096 1656 2159; baseline -0.002 -14"><span class='ocrx_word' id='word_1_187' title='bbox 305 2112 427 2159; x_wconf 81' lang='lat' dir='ltr'><strong>spes,</strong></span> <span class='ocrx_word' id='word_1_188' title='bbox 448 2096 536 2145; x_wconf 88' lang='lat' dir='ltr'><strong>nisi</strong></span> <span class='ocrx_word' id='word_1_189' title='bbox 567 2105 621 2144; x_wconf 87' lang='lat' dir='ltr'><strong>ut</strong></span> <span class='ocrx_word' id='word_1_190' title='bbox 650 2097 710 2144; x_wconf 85' lang='lat' dir='ltr'><strong>ad</strong></span> <span class='ocrx_word' id='word_1_191' title='bbox 732 2097 927 2154; x_wconf 87' lang='lat' dir='ltr'><strong>Urbem,</strong></span> <span class='ocrx_word' id='word_1_192' title='bbox 951 2097 1025 2144; x_wconf 83' lang='lat' dir='ltr'><strong>vel</strong></span> <span class='ocrx_word' id='word_1_193' title='bbox 1055 2097 1106 2144; x_wconf 89' lang='lat' dir='ltr'><strong>in</strong></span> <span class='ocrx_word' id='word_1_194' title='bbox 1127 2098 1303 2145; x_wconf 84' lang='lat' dir='ltr'><strong>Urbem</strong></span> <span class='ocrx_word' id='word_1_195' title='bbox 1323 2096 1494 2159; x_wconf 86' lang='lat' dir='ltr'><strong>potius,</strong></span> <span class='ocrx_word' id='word_1_196' title='bbox 1519 2111 1656 2142; x_wconf 82' lang='lat' dir='ltr'><strong>exer-</strong></span> 
     </span>
     <span class='ocr_line' id='line_1_30' title="bbox 306 2155 1653 2220; baseline -0.001 -11"><span class='ocrx_word' id='word_1_197' title='bbox 306 2161 449 2210; x_wconf 88' lang='lat' dir='ltr'><strong>citum</strong></span> <span class='ocrx_word' id='word_1_198' title='bbox 493 2162 755 2209; x_wconf 83' lang='lat' dir='ltr'><strong>maximum</strong></span> <span class='ocrx_word' id='word_1_199' title='bbox 784 2161 1028 2209; x_wconf 81' lang='lat' dir='ltr'><strong>adduceret</strong></span> <span class='ocrx_word' id='word_1_200' title='bbox 1041 2160 1064 2206; x_wconf 76' lang='lat'><strong>?</strong></span> <span class='ocrx_word' id='word_1_201' title='bbox 1111 2161 1213 2220; x_wconf 88' lang='lat' dir='ltr'><strong>Qui</strong></span> <span class='ocrx_word' id='word_1_202' title='bbox 1257 2169 1411 2207; x_wconf 86' lang='lat' dir='ltr'><strong>autem</strong></span> <span class='ocrx_word' id='word_1_203' title='bbox 1446 2155 1653 2208; x_wconf 77' lang='lat' dir='ltr'><strong>delectus</strong></span> 
     </span>
     <span class='ocr_line' id='line_1_31' title="bbox 308 2224 1650 2289; baseline -0.001 -16"><span class='ocrx_word' id='word_1_204' title='bbox 308 2227 667 2275; x_wconf 80' lang='lat' dir='ltr'><strong>centurionum?</strong></span> <span class='ocrx_word' id='word_1_205' title='bbox 715 2241 821 2289; x_wconf 83' lang='lat' dir='ltr'><strong>quae</strong></span> <span class='ocrx_word' id='word_1_206' title='bbox 862 2225 1098 2273; x_wconf 83' lang='lat' dir='ltr'><strong>effrenatio</strong></span> <span class='ocrx_word' id='word_1_207' title='bbox 1138 2224 1403 2288; x_wconf 68' lang='lat' dir='ltr'><strong>impotentis</strong></span> <span class='ocrx_word' id='word_1_208' title='bbox 1458 2224 1607 2271; x_wconf 86' lang='lat' dir='ltr'><strong>animi</strong></span> <span class='ocrx_word' id='word_1_209' title='bbox 1623 2226 1650 2272; x_wconf 74' lang='lat' dir='ltr'>P</span> 
     </span>
     <span class='ocr_line' id='line_1_32' title="bbox 305 2288 1650 2363; baseline -0.001 -27"><span class='ocrx_word' id='word_1_210' title='bbox 305 2288 432 2337; x_wconf 82' lang='lat' dir='ltr'><strong>Cum</strong></span> <span class='ocrx_word' id='word_1_211' title='bbox 452 2292 551 2350; x_wconf 84' lang='lat' dir='ltr'><strong>ejus</strong></span> <span class='ocrx_word' id='word_1_212' title='bbox 563 2289 795 2354; x_wconf 79' lang='lat' dir='ltr'><strong>promissis</strong></span> <span class='ocrx_word' id='word_1_213' title='bbox 815 2289 1017 2353; x_wconf 81' lang='lat' dir='ltr'><strong>legiones</strong></span> <span class='ocrx_word' id='word_1_214' title='bbox 1031 2288 1288 2337; x_wconf 65' lang='lat' dir='ltr'><strong>fortissimae</strong></span> <span class='ocrx_word' id='word_1_215' title='bbox 1304 2288 1650 2363; x_wconf 62' lang='lat' dir='ltr'><strong>reclamassent,</strong></span> 
     </span>
     <span class='ocr_line' id='line_1_33' title="bbox 305 2352 1651 2417; baseline 0.002 -20"><span class='ocrx_word' id='word_1_216' title='bbox 305 2352 500 2399; x_wconf 87' lang='lat' dir='ltr'><strong>domum</strong></span> <span class='ocrx_word' id='word_1_217' title='bbox 516 2355 575 2401; x_wconf 84' lang='lat' dir='ltr'><strong>ad</strong></span> <span class='ocrx_word' id='word_1_218' title='bbox 597 2370 644 2401; x_wconf 89' lang='lat' dir='ltr'><strong>se</strong></span> <span class='ocrx_word' id='word_1_219' title='bbox 668 2355 818 2402; x_wconf 90' lang='lat' dir='ltr'><strong>venire</strong></span> <span class='ocrx_word' id='word_1_220' title='bbox 835 2352 974 2414; x_wconf 84' lang='lat' dir='ltr'><strong>jussit</strong></span> <span class='ocrx_word' id='word_1_221' title='bbox 989 2353 1289 2411; x_wconf 80' lang='lat' dir='ltr'><strong>centuriones,</strong></span> <span class='ocrx_word' id='word_1_222' title='bbox 1313 2369 1430 2417; x_wconf 87' lang='lat' dir='ltr'><strong>quos</strong></span> <span class='ocrx_word' id='word_1_223' title='bbox 1450 2355 1571 2400; x_wconf 78' lang='lat' dir='ltr'><strong>bene</strong></span> <span class='ocrx_word' id='word_1_224' title='bbox 1590 2352 1651 2400; x_wconf 85' lang='lat' dir='ltr'><strong>de</strong></span> 
     </span>
     <span class='ocr_line' id='line_1_34' title="bbox 303 2417 1651 2481; baseline 0.004 -21"><span class='ocrx_word' id='word_1_225' title='bbox 303 2417 539 2474; x_wconf 59' lang='lat' dir='ltr'><strong>republica</strong></span> <span class='ocrx_word' id='word_1_226' title='bbox 581 2418 748 2465; x_wconf 85' lang='lat' dir='ltr'><strong>sentire</strong></span> <span class='ocrx_word' id='word_1_227' title='bbox 781 2426 1080 2480; x_wconf 78' lang='lat' dir='ltr'><strong>cognoverat:</strong></span> <span class='ocrx_word' id='word_1_228' title='bbox 1129 2433 1312 2480; x_wconf 89' lang='lat' dir='ltr'><strong>eosque,</strong></span> <span class='ocrx_word' id='word_1_229' title='bbox 1358 2426 1466 2465; x_wconf 87' lang='lat' dir='ltr'><strong>ante</strong></span> <span class='ocrx_word' id='word_1_230' title='bbox 1504 2417 1651 2481; x_wconf 85' lang='lat' dir='ltr'><strong>pedes</strong></span> 
     </span>
     <span class='ocr_line' id='line_1_35' title="bbox 304 2480 1653 2545; baseline 0.006 -24"><span class='ocrx_word' id='word_1_231' title='bbox 304 2490 426 2532; x_wconf 85' lang='lat' dir='ltr'><strong>suos,</strong></span> <span class='ocrx_word' id='word_1_232' title='bbox 448 2480 696 2542; x_wconf 85' lang='lat' dir='ltr'><strong>uxorisque</strong></span> <span class='ocrx_word' id='word_1_233' title='bbox 716 2498 827 2540; x_wconf 82' lang='lat' dir='ltr'><strong>suae,</strong></span> <span class='ocrx_word' id='word_1_234' title='bbox 855 2497 998 2544; x_wconf 84' lang='lat' dir='ltr'><strong>quam</strong></span> <span class='ocrx_word' id='word_1_235' title='bbox 1028 2496 1183 2529; x_wconf 85' lang='lat' dir='ltr'><strong>secum</strong></span> <span class='ocrx_word' id='word_1_236' title='bbox 1215 2482 1381 2544; x_wconf 86' lang='lat' dir='ltr'><strong>gravis&#39;</strong></span> <span class='ocrx_word' id='word_1_237' title='bbox 1396 2482 1653 2545; x_wconf 84' lang='lat' dir='ltr'><strong>imperator</strong></span> 
     </span>
    </p>
   </div>
   <div class='ocr_carea' id='block_1_3' title="bbox 302 2536 1654 2672">
    <p class='ocr_par' dir='ltr' id='par_1_4' title="bbox 302 2536 1654 2672">
     <span class='ocr_line' id='line_1_36' title="bbox 303 2536 1654 2609; baseline 0.009 -27"><span class='ocrx_word' id='word_1_238' title='bbox 303 2536 365 2582; x_wconf 83' lang='lat' dir='ltr'><strong>ad</strong></span> <span class='ocrx_word' id='word_1_239' title='bbox 385 2541 634 2589; x_wconf 84' lang='lat' dir='ltr'><strong>exercitum</strong></span> <span class='ocrx_word' id='word_1_240' title='bbox 663 2544 877 2606; x_wconf 83' lang='lat' dir='ltr'><strong>duxerat,</strong></span> <span class='ocrx_word' id='word_1_241' title='bbox 895 2546 1105 2607; x_wconf 81' lang='lat' dir='ltr'><strong>jugulari</strong></span> <span class='ocrx_word' id='word_1_242' title='bbox 1132 2545 1294 2609; x_wconf 77' lang='lat' dir='ltr'><strong>coegit.</strong></span> <span class='ocrx_word' id='word_1_243' title='bbox 1345 2545 1460 2604; x_wconf 86' lang='lat' dir='ltr'><strong>Quo</strong></span> <span class='ocrx_word' id='word_1_244' title='bbox 1488 2560 1654 2593; x_wconf 85' lang='lat' dir='ltr'><strong>ammo</strong></span> 
     </span>
     <span class='ocr_line' id='line_1_37' title="bbox 302 2596 1654 2672; baseline 0.012 -29"><span class='ocrx_word' id='word_1_245' title='bbox 302 2596 428 2668; x_wconf 66' lang='lat' dir='ltr'><strong>bunc</strong></span> <span class='ocrx_word' id='word_1_246' title='bbox 440 2601 654 2651; x_wconf 84' lang='lat' dir='ltr'><strong>futurum</strong></span> <span class='ocrx_word' id='word_1_247' title='bbox 668 2606 809 2656; x_wconf 83' lang='lat' dir='ltr'><strong>fuisse</strong></span> <span class='ocrx_word' id='word_1_248' title='bbox 829 2609 1020 2657; x_wconf 82' lang='lat' dir='ltr'><strong>censetis</strong></span> <span class='ocrx_word' id='word_1_249' title='bbox 1033 2609 1083 2656; x_wconf 89' lang='lat' dir='ltr'><strong>in</strong></span> <span class='ocrx_word' id='word_1_250' title='bbox 1101 2624 1201 2666; x_wconf 89' lang='lat' dir='ltr'><strong>nos,</strong></span> <span class='ocrx_word' id='word_1_251' title='bbox 1216 2624 1333 2672; x_wconf 77' lang='lat' dir='ltr'><strong>quos</strong></span> <span class='ocrx_word' id='word_1_252' title='bbox 1345 2610 1522 2669; x_wconf 88' lang='lat' dir='ltr'><strong>oderat,</strong></span> <span class='ocrx_word' id='word_1_253' title='bbox 1538 2624 1654 2658; x_wconf 86' lang='lat' dir='ltr'><strong>cum</strong></span> 
     </span>
    </p>
   </div>
   <div class='ocr_carea' id='block_1_4' title="bbox 300 2671 1655 2734">
    <p class='ocr_par' dir='ltr' id='par_1_5' title="bbox 215 2671 1655 2734">
     <span class='ocr_line' id='line_1_38' title="bbox 300 2671 1655 2734; baseline 0.001 -13.941"><span class='ocrx_word' id='word_1_254' title='bbox 300 2674 351 2706; x_wconf 81' lang='lat'><strong>¹¹¹</strong></span> <span class='ocrx_word' id='word_1_255' title='bbox 374 2675 465 2721; x_wconf 72' lang='lat'><strong>0⁰⁸,</strong></span> <span class='ocrx_word' id='word_1_256' title='bbox 489 2679 606 2726; x_wconf 86' lang='lat' dir='ltr'><strong>quos</strong></span> <span class='ocrx_word' id='word_1_257' title='bbox 623 2681 865 2733; x_wconf 83' lang='lat' dir='ltr'><strong>nunquam</strong></span> <span class='ocrx_word' id='word_1_258' title='bbox 889 2672 1079 2734; x_wconf 82' lang='lat' dir='ltr'><strong>viderat,</strong></span> <span class='ocrx_word' id='word_1_259' title='bbox 1102 2671 1199 2722; x_wconf 71' lang='lat' dir='ltr'><strong>tam</strong></span> <span class='ocrx_word' id='word_1_260' title='bbox 1221 2672 1421 2723; x_wconf 87' lang='lat' dir='ltr'><strong>crudelis</strong></span> <span class='ocrx_word' id='word_1_261' title='bbox 1442 2674 1609 2722; x_wconf 67' lang='lat' dir='ltr'><strong>fixisset</strong></span> <span class='ocrx_word' id='word_1_262' title='bbox 1624 2676 1655 2721; x_wconf 64' lang='grc' dir='ltr'><strong>ἒ</strong></span> 
     </span>
    </p>
   </div>
   <div class='ocr_carea' id='block_1_5' title="bbox 1804 2137 1810 2661">
    <p class='ocr_par' dir='ltr' id='par_1_6' title="bbox 1804 2137 1810 2661">
     <span class='ocr_line' id='line_1_39' title="bbox 1804 2137 1810 2661; baseline 0 0"><span class='ocrx_word' id='word_1_263' title='bbox 1804 2137 1810 2661; x_wconf 95' lang='lat' dir='ltr'><strong> </strong></span> 
     </span>
    </p>
   </div>
  </div>
 </body>
</html>
