1858 3020
469 205 874 256 rfflmm’rcA
906 205 1001 255 x1.
1036 205 1162 255 cn.
1200 207 1277 254 η.
1438 170 1531 253 {¹351

206 333 452 393 tellexerit,
473 334 580 396 plu's
613 350 662 383 se
688 335 951 398 reipublicae
977 333 1289 398 profuturum,
1323 332 1362 380 si
1395 330 1541 379 Dola-

391 408 706 461 persequamr,
720 414 862 462 quam
884 398 924 445 si
943 399 994 446 in
1012 398 1191 445 Graecia
1202 404 1413 453 maneat3
1437 405 1543 457 aget

204 459 1441 588 Qffissi’ifflfflssssoeffiqfficffleiffiuss
1462 466 1542 569 2¹3⁸

206 589 431 650 spectabit
445 599 669 638 senatum.
693 592 821 638 Nam
834 600 879 638 et
891 592 1086 650 Brutus,
1104 599 1149 637 et
1166 587 1367 645 Cassius,
1381 586 1541 634 multis

204 653 307 712 jam
329 653 381 699 in
403 655 554 711 rebus,
567 655 665 717 ipse
677 655 763 703 sibi
777 664 959 703 senatus
972 655 1075 702 fuit.
1110 655 1305 701 Necesse
1317 659 1385 699 est
1399 650 1541 707 enim,

205 715 258 763 in
281 717 414 764 tanta
434 720 721 766 conversione
749 730 795 767 et
814 720 1153 782 perturbatione
1174 732 1345 776 rerum,
1368 723 1546 777 tempo-

146 811 159 817 κ
200 780 340 844 ¹ribus
360 781 514 843 potius
533 798 708 844 parere,
730 799 873 846 quam
893 783 1113 830 moribus.
1149 783 1251 829 Nec
1273 780 1397 827 enim
1419 791 1544 824 nunc

204 843 416 906 primum
437 856 518 893 aut
539 847 716 894 Brutus
742 856 824 895 aut
845 846 1030 894 Cassius
1052 846 1245 894 salutem
1265 845 1546 891 libertatem-

146 957 149 960 .
192 922 302 971 ,que
316 908 493 970 patriae,
510 910 660 972 legem
673 909 1021 967 sanctissimam,
1039 921 1086 958 et
1097 924 1272 957 morem
1293 907 1541 970 optimum,

199 971 446 1032 judicavit.
496 975 679 1037 Itaque,
703 974 741 1024 si
762 975 822 1021 ad
843 989 926 1022 nos
955 974 1073 1021 nihil
1106 974 1345 1021 referretur
1365 970 1424 1017 de
1445 969 1545 1017 Do-

204 1036 381 1083 labella
393 1039 723 1100 persequendo,
736 1040 892 1086 tamen
913 1054 997 1101 ego
1009 1054 1093 1101 pro
1113 1037 1291 1085 decreto
1310 1044 1538 1099 putarem,

194 1115 317 1152 ‚cum
339 1110 487 1148 essent
507 1102 620 1150 tales
641 1102 825 1161 virtute,
848 1102 1129 1160 auctoritate,
1143 1100 1394 1157 nobilitate,
1418 1113 1545 1145 sum-

194 1163 276 1218 11ιί
297 1163 412 1211 viri:
448 1181 645 1227 quorum
667 1167 852 1215 alterius
866 1181 869 1186 ·
880 1168 982 1228 jam
1002 1175 1139 1214 notus
1159 1164 1292 1212 nobis
1319 1172 1387 1212 est
1416 1178 1545 1211 exer-

205 1228 342 1285 citus,
367 1229 550 1277 alterius
570 1230 768 1278 auditus.
1009 1277 1020 1282 -

273 1291 399 1339 XII.
434 1293 543 1341 Non
566 1294 707 1357 igitur
738 1296 915 1342 Brutus
938 1293 1214 1357 exspectavit
1233 1291 1412 1340 decreta
1438 1305 1544 1338 nos-

207 1363 298 1414 tra,
328 1371 437 1403 cum
459 1358 611 1405 studia
630 1362 796 1407 nosset.
847 1360 1015 1422 Neque
1050 1357 1175 1404 enim
1197 1365 1265 1404 est
1284 1357 1335 1403 in
1363 1356 1546 1420 provin-

205 1419 328 1467 ciam
342 1436 476 1468 suam
489 1422 674 1470 Cretam
680 1424 929 1487 profectus:
950 1422 1001 1469 in
1010 1420 1333 1469 Macedoniam
1349 1421 1545 1469 alienam

204 1482 472 1534 advolavit:
507 1486 664 1535 omnia
691 1503 775 1536 sua
807 1486 1004 1552 putavit,
1028 1502 1142 1550 quae.
1166 1501 1246 1534 vos
1278 1493 1427 1534 vestra
1448 1499 1544 1534 esse
1574 1509 1582 1523 ·

202 1548 411 1597 velletis:
444 1551 645 1613 legiones
671 1551 933 1616 conscripsit
959 1567 1115 1610 novas,
1137 1551 1314 1615 excepit
1338 1559 1509 1600 veteres
1526 1568 1541 1598 x

204 1613 469 1675 equitatum
485 1616 545 1662 ad
560 1631 608 1663 se
627 1616 821 1665 abduxit
833 1617 1113 1673 Dolabellae3
1137 1625 1274 1679 atque
1287 1632 1412 1675 eum,
1429 1630 1544 1664 non-

206 1676 326 1724 dum
353 1687 483 1726 tanto
503 1680 742 1743 parricidio
763 1680 977 1740 oblitum,
1009 1681 1187 1728 hostem
1216 1680 1301 1728 sua
1321 1680 1545 1728 sententia

198 1741 443 1802 judicavit.
490 1745 636 1802 Nam,
657 1744 709 1792 ni
736 1745 802 1791 ita
835 1753 966 1803 esset,
989 1760 1083 1807 quo
1106 1746 1211 1805 jure
1237 1744 1492 1807 equitatum
1513 1759 1544 1790 a

204 1807 397 1855 consule
416 1807 657 1856 abduceret
672 1811 694 1856 ἒ
728 1807 895 1866 Quid?
928 1808 985 1856 C.
1018 1808 1218 1866 Cassius,
1240 1809 1339 1871 pari
1361 1807 1542 1870 magni-

203 1869 372 1917 tudine
389 1872 535 1920 animi
555 1881 601 1919 et
629 1872 806 1921 consilii
836 1871 1069 1935 praeditus,
1091 1887 1245 1921 nonne
1257 1888 1309 1920 eo
1330 1887 1388 1919 ex
1405 1871 1544 1918 Italia

205 1935 400 1983 consilio
431 1936 660 1999 profectus
688 1944 771 1995 est,
801 1945 857 1984 ut
875 1936 1133 2000 prohiberet
1168 1936 1303 2000 Syria
1323 1935 1544 1983 Dolabel-

201 1998 338 2046 lam?
373 1999 485 2059 Qua
512 2000 613 2062 lege
630 2003 652 2048 Ρ
688 2017 781 2064 quo
797 2002 939 2062 jure?
972 2002 1064 2061 Eo,
1087 2002 1212 2065 quod
1238 2000 1426 2063 Jupiter
1444 1999 1544 2060 ipse

203 2063 381 2121 sanxit,
405 2072 458 2111 ut
490 2063 663 2125 omnia,
697 2081 802 2128 quae
833 2065 1095 2130 reipublicae
1132 2063 1347 2112 salutaria
1379 2068 1542 2118 essent,

202 2126 419 2188 legitima
455 2137 501 2175 et
537 2130 664 2190 justa
699 2129 989 2178 haberentur.
1044 2130 1134 2176 Est
1165 2127 1289 2173 enim
1320 2125 1399 2176 lex
1427 2123 1545 2195 nibil

198 2190 354 2249 aliud,
376 2191 465 2239 nisi
497 2202 618 2241 recta
646 2201 691 2241 et
723 2210 752 2241 a
776 2194 969 2241 numine
993 2192 1203 2239 Deorum
1236 2195 1378 2234 tracta
1410 2195 1543 2244 ratio,

201 2255 441 2317 imperans
468 2257 673 2317 honesta,
696 2258 943 2321 prohibens
969 2252 1206 2301 contraria.
1253 2249 1382 2296 Huic
1401 2248 1543 2310 igitur

200 2319 303 2381 legi
337 2320 491 2382 paruit
525 2322 727 2378 Cassius,
764 2335 873 2369 cum
909 2326 979 2365 est
1003 2317 1052 2364 in
1082 2315 1264 2377 Syriam
1297 2311 1540 2386 profectus,

200 2383 408 2430 alienam
429 2386 727 2447 provinciam,
750 2385 789 2432 si
808 2382 1017 2430 homines
1044 2380 1223 2442 legibus
1243 2385 1419 2439 scriptis
1440 2386 1542 2425 ute-

181 2456 396 2503 .rentur;
429 2449 501 2499 his
523 2465 628 2497 vero
648 2448 888 2512 oppressis,
911 2460 1061 2503 suam,
1085 2445 1186 2506 lege
1206 2450 1397 2490 naturae.

180 2556 187 2561 .
275 2510 388 2569 Sed,
407 2521 460 2558 ut
481 2529 535 2560 ea
548 2514 696 2560 vestra
717 2527 901 2575 quoque
918 2508 1185 2556 auctoritate
1201 2507 1424 2563 firmetur,
1439 2522 1546 2554 cen-

198 2589 315 2624 seo:
354 2578 390 2602 ‘⁶
413 2576 537 2624 Cum
569 2578 623 2623 P.
648 2575 908 2630 Dolabella,
932 2573 1103 2635 quique
1125 2572 1224 2631 ejus
1244 2569 1545 2616 crudelissimi

198 2649 252 2686 et
286 2639 508 2687 teterrimi
541 2640 753 2687 facinoris
786 2636 1000 2694 ministri,
1031 2634 1155 2691 socii,
1188 2633 1417 2693 adjutores
1444 2633 1549 2678 fue-

196 2710 334 2762 runt,
356 2702 508 2753 hostes
528 2702 691 2769 popul-i
711 2701 913 2750 Romani
943 2715 972 2746 a
1000 2707 1158 2747 senatu
1193 2694 1387 2756 judicati
1415 2695 1509 2741 sint
1526 2709 1540 2732 ε
