1858 3020
482 176 889 235 PmmPPICA
924 185 987 235 v.
1021 187 1148 235 cn.
1184 188 1260 236 ιε.
1439 186 1534 232 285

199 311 368 376 cuique
388 311 681 362 carinaimusl
718 313 843 378 quod
863 329 972 362 cum
993 314 1208 388 consequi
1230 329 1261 360 n
1316 314 1534 369 lexisaet3

200 391 389 424 omnem
414 375 508 423 vim
529 377 703 440 ingenii
723 384 851 442 (quae
871 393 1056 426 summa
1079 378 1170 425 fuit
1189 379 1238 424 in
1261 378 1272 388 '
1340 387 1360 437 )
1381 378 1431 425 in
1453 394 1539 441 po·

199 441 353 504 pulari
372 440 558 488 levitate
567 436 1055 505 consumsiwnaque,
1078 457 1188 489 cum
1209 450 1463 504 respectum
1477 442 1537 490 ad

200 513 416 552 mamm
432 513 479 551 et
496 505 559 552 ad
577 508 720 553 bonos
736 521 829 554 non
850 507 1054 566 haberet,
1069 521 1171 553 eam
1192 506 1279 553 sibi
1300 506 1422 552 viam
1441 506 1542 568 ipse

201 568 417 632 patefecit
450 569 510 615 ad
544 584 653 632 opes
686 586 790 618 suas
826 570 1185 634 amplificandas,
1222 583 1364 633 quam
1398 570 1545 616 virtus

193 633 337 680 liberi
359 632 523 696 populi
542 633 661 682 ferre
682 649 775 681 non
803 644 967 698 posset.
1001 634 1122 695 Ejus
1147 642 1304 690 autem
1335 633 1420 679 filii
1440 633 1545 679 lon-

205 696 395 759 gissime
431 696 610 745 diversa
645 699 790 755 ratio;
825 699 907 761 qui
936 713 1044 746 cum
1075 700 1290 746 omnibus
1324 705 1409 754 est,
1440 707 1544 743 tum

202 761 384 823 optimo
403 761 589 824 cuique,
607 762 877 809 carissimus.
914 764 974 810 In
996 761 1083 810 hoc
1104 777 1205 825 spes
1226 750 1545 823 libertatis‘po-

209 825 298 872 sita
336 832 442 881 est;
478 827 536 873 ab
569 825 656 873 hoc
693 835 876 890 accepta
903 828 1005 887 jam
1041 826 1192 873 salus:
1228 825 1338 872 huic
1371 824 1546 871 summi

206 888 405 936 honores
425 897 473 936 et
493 889 813 953 exquiruntur,
840 899 886 937 et
901 890 1049 953 parati
1070 898 1190 937 sunt.
1225 890 1374 950 Cujus
1403 887 1546 951 igitur

207 952 491 1015 singularam
525 953 815 1016 prudentiam
844 955 1143 1013 admiramur,
1171 954 1270 1014 ejus
1303 948 1546 1003 stultitiam

206 1016 468 1065 strumus?
500 1017 632 1075 Quid
665 1018 788 1065 enim
814 1019 1016 1077 stultius,
1044 1024 1193 1080 quam'
1219 1017 1432 1065 inutilem
1462 1031 1547 1080 po-

206 1081 421 1145 tentiam,
437 1080 681 1128 invidiom
695 1097 821 1147 opes,
834 1082 1132 1145 cupiditatem
1147 1080 1414 1129 dominandi
1428 1096 1547 1143 prae-

208 1145 397 1208 cipitem
431 1153 479 1192 et
501 1145 742 1204 lubricam,
783 1147 1006 1193 anteferre
1041 1160 1175 1203 verae,
1207 1143 1354 1206 gravi,
1391 1144 1549 1193 solidae

209 1210 411 1274 glorie?
443 1208 527 1256 An
564 1209 651 1257 hoc
682 1209 813 1269 vidit,
849 1225 997 1273 puer3
1040 1208 1078 1256 si
1108 1216 1240 1255 aetate
1266 1205 1547 1271 processerit,

213 1287 310 1322 non
342 1272 516 1321 videbit
534 1275 557 1321 Ρ
621 1283 628 1288 ·

275 1337 350 1384 At
371 1344 438 1384 est
459 1337 735 1400 quibusdam
757 1338 974 1385 inimicus
994 1336 1253 1387 clarissimis
1272 1343 1412 1399 atque
1431 1334 1551 1399 opti-.-

212 1403 304 1450 mis
339 1400 531 1449 civibus.
566 1401 741 1449 Nullus
776 1402 863 1450 iste
891 1402 1032 1449 timor
1066 1415 1161 1449 esse
1188 1400 1340 1448 debet-⁴
1371 1398 1566 1447 Omnes

215 1467 372 1516 Caesar
391 1463 652 1513 inimicitias
680 1465 944 1530 reipublicae
976 1464 1248 1515 condonavit
1265 1481 1280 1512 ε
1315 1464 1434 1513 hanc
1465 1463 1553 1512 sibi

208 1531 417 1594 judicem
438 1530 688 1589 constituit,
717 1531 839 1578 hauc
859 1530 1206 1579 moderatricem
1226 1529 1436 1577 omnium
1456 1529 1553 1577 fac-

214 1604 388 1649 torum.
424 1593 501 1640 Ita
528 1593 653 1641 enim
679 1594 738 1641 ad
767 1596 1099 1659 rempublicam
1134 1594 1335 1653 accoesit,
1362 1603 1416 1642 ut
1449 1605 1552 1642 eam

213 1658 523 1715 confirmaret,
538 1671 632 1705 non
653 1666 707 1705 ut
727 1668 958 1706 everteret.
992 1660 1171 1708 Omnes
1183 1659 1329 1707 habeo
1350 1658 1555 1721 cognitos

214 1736 379 1771 sensus
414 1720 708 1770 adolescentis
722 1739 737 1769 z
771 1722 889 1769 nihil
914 1731 984 1770 est
1015 1723 1087 1771 illi
1121 1723 1356 1786 republica⁴
1383 1723 1553 1782 carius,

215 1787 339 1835 nihil
360 1785 511 1833 vestra,
542 1786 807 1833 auctoritate
827 1788 1030 1849 gravius,
1052 1787 1170 1835 nihil
1189 1790 1415 1835 bonorum
1438 1786 1560 1833 viro-

214 1847 325 1899 rum
364 1848 540 1910 judicio
582 1850 798 1912 optatius,
859 1851 978 1899 nihil
1019 1853 1129 1900 vera
1170 1852 1317 1915 gloria
1359 1850 1556 1897 dulcius.

217 1914 561 1975 Quamobrem,
582 1916 643 1960 ab
664 1929 719 1961 eo
739 1928 832 1961 non
853 1915 992 1963 modo
1012 1916 1130 1964 nihil
1158 1917 1336 1975 timere,
1360 1914 1439 1962 sed
1459 1929 1562 1961 ma·

211 1981 320 2042 jora
339 1986 389 2026 et
406 1977 599 2037 meliora
618 1987 890 2041 exspectare,
906 1980 1082 2029 debetis
1096 1996 1111 2027 ε
1146 1995 1313 2043 neque,
1336 1979 1386 2024 in
1407 1992 1462 2024 eo
1510 1976 1562 2022 ui

219 2044 284 2094 ad
318 2044 383 2091 D.
413 2042 621 2090 Brutum
650 2043 883 2091 obsidione
913 2044 1206 2093 liberandum
1230 2041 1472 2105 profectus'
1509 2040 1562 2096 ‘t,

219 2110 405 2165 timere,
440 2121 501 2154 ne
532 2106 755 2154 memoria
774 2118 959 2156 maneat
987 2107 1223 2156 domestici
1251 2102 1436 2160 doloris,
1459 2116 1566 2163 quae

218 2174 331 2238 plus
352 2172 479 2235 apud
499 2186 607 2218 eum
735 2170 786 2229 ’t,
809 2187 954 2235 quam
975 2172 1100 2219 salus
1120 2167 1329 2239 civitatis.
1363 2164 1567 2237 fffludelyo

222 2238 368 2287 etiam
389 2235 592 2297 obligare
612 2187 751 2288 tidem
772 2250 945 2295 meam,
966 2243 1117 2296 patres
1137 2240 1397 2290 conscripti,
1420 2228 1566 2285 vobis,

222 2301 495 2366 populoque
528 2299 758 2359 Romano,
785 2297 949 2362 (quod,
972 2295 1190 2361 profecto,
1212 2305 1320 2339 cum
1340 2304 1417 2336 me
1437 2290 1570 2365 nulla

224 2366 297 2414 vis
317 2371 514 2426 cogeret,
527 2362 674 2411 facere
694 2378 788 2411 non
801 2362 1036 2419 auderem,
1051 2358 1506 2422 pertimesceremque
1520 2368 1570 2401 m

225 2445 279 2478 re
299 2427 509 2475 maxim&
530 2427 830 2490 periculosam
844 2425 1107 2489 opinionem
1123 2419 1409 2477 temeritatis)
1425 2436 1438 2466 ε
1463 2435 1571 2482 pro-

226 2493 386 2549 mitto,
408 2490 595 2552 recipio,
626 2491 844 2552 spondeo,
877 2497 1030 2551 patres
1057 2484 1315 2546 conscripti,
1339 2483 1572 2531 C..Caesa-

226 2572 330 2606 rem
351 2555 498 2602 talem
518 2569 699 2616 semper
725 2553 823 2599 fore
842 2553 1005 2609 civem,
1033 2550 1184 2613 qualis
1204 2547 1339 2594 hodie
1359 2547 1434 2603 sit,
1456 2562 1573 2607 qua-

230 2622 425 2683 lemque
446 2632 557 2665 eum
581 2617 785 2664 maxime
806 2630 918 2673 esse,
947 2614 1064 2662 velle
1096 2622 1142 2660 et
1161 2620 1318 2673 optare
1337 2610 1573 2661 debemus,
