1858 3020
538 168 969 220 PHILIPPICA
987 169 1059 217 11.
1075 170 1220 220 Car.
1252 170 1332 220 41.
1512 174 1612 225 236

271 312 371 362 ges,
393 297 537 346 aliam
569 298 758 345 causam
791 313 887 346 esse
906 297 1052 345 hastae
1072 298 1280 372 Caesaris,
1306 299 1445 348 aliam
1466 302 1614 349 confi-

272 362 443 410 dentiae
476 370 522 409 et
551 361 818 409 temeritatis
851 370 959 409 tuae.
1001 363 1114 411 Non
1151 362 1276 409 enim
1310 373 1358 411 te
1392 365 1610 415 dominus

269 426 411 474 modo
431 426 525 474 illis
552 422 755 485 sedibus,
778 425 857 472 sed
882 426 1037 490 quivis
1072 427 1265 488 amicus,
1288 426 1480 489 vicinus,
1502 429 1610 478 hos-

265 504 482 602 ἯῙ.
514 554 587 601 At
607 490 945 617 ᾳυαῖοξέΰωε
957 554 1087 602 dies
1072 570 1122 602 m
1144 552 1198 602 ea
1217 554 1330 603 villa
1349 556 1610 619 turpissime

257 627 348 667 ot
377 618 742 682 perbacchatus!
773 618 857 666 Ab
885 619 1001 666 hora
1034 620 1165 667 tertia
1195 620 1453 678 bibebatur,
1479 620 1611 668 lude-

269 684 427 742 batur,
465 684 749 730 vomebatur.
783 681 832 730 Ο
859 692 979 730 tecta
1010 683 1110 746 ipsa
1145 684 1351 731 misera.
1336 684 1347 717 ⁹
1399 683 1609 742 “Quam

269 746 445 809 dispari
466 747 739 811 domino!”.
766 761 955 810 .quam
987 762 1098 794 uam
1115 747 1377 810 quomodo
1363 756 1448 795 iste
1459 748 1611 795 domi-

263 813 399 859 ms?
433 811 513 858 sed
540 819 697 858 tamen
730 782 874 874 quam
908 827 938 858 a
993 812 1132 875 ispari
1160 812 1464 859 tenebantur!
1492 813 1612 860 .Stu

267 874 455 922 diorum
477 875 601 922 enim
623 890 811 922 suorum
834 875 909 922 M.
924 876 1077 923 Varro
1091 876 1236 923 voluit
1252 892 1347 924 esse
1366 875 1502 934 illud,
1516 891 1609 924 non

257 937 537 1000 libidinum,
559 938 873 986 diversorium.
920 939 1073 997 Quae·
1058 955 1106 986 ιιι
1128 940 1212 987 illa
1231 940 1344 988 villa
1363 950 1469 987 ante
1489 940 1614 988 dice-

267 1003 472 1050 bantur.
460 1005 483 1037 2
516 1018 623 1066 quae
652 1002 970 1078 cogitabantur
983 1006 1005 1050 ἲ
1039 1019 1144 1066 quae
1164 1004 1306 1051 literis
1325 1004 1612 1052 mandaban-

257 1074 346 1115 tm·
361 1069 383 1114 1>
425 1068 537 1128 jura
572 1068 735 1142 populi
769 1066 991 1117 Romani.
1034 1068 1320 1116 monimenta
1359 1070 1609 1129 majorum,

259 1130 420 1179 omnis
440 1131 676 1194 sapientiae
702 1131 835 1189 ratio,
858 1133 1103 1194 omnisque
1131 1132 1360 1179 doctrinae.
1390 1133 1465 1180 At
1485 1148 1609 1192 vero,

257 1202 315 1242 te
333 1195 582 1269 inquilino,
619 1201 733 1250 (non
754 1196 878 1243 enim
900 1194 1260 1258 domino)perso
1260 1198 1434 1243 nabant
1454 1196 1610 1244 omnia

255 1258 456 1309 vecibus
472 1259 736 1307 ebriorum·
767 1261 989 1307 natabant
1000 1259 1262 1322 pavimenta
1282 1260 1416 1307 vino.
1450 1260 1611 1307 made-

265 1323 384 1370 bmt
401 1323 635 1387 parietes:
651 1324 853 1386 ingenui
882 1323 1015 1386 pueri
1048 1339 1156 1371 cum
1180 1324 1439 1384 meritoriis,
1463 1333 1611 1372 scorta

254 1386 395 1434 inter
420 1387 830 1446 matres-familias,
866 1389 1178 1436 versabantur.
1212 1388 1403 1436 Cassino
1436 1389 1608 1436 saluta«-

258 1458 376 1502 tum
399 1452 661 1510 veniebant,
694 1451 745 1499 A
778 1452 906 1514 uino,
943 1452 1225 1503 Interamna.
1259 1453 1508 1501 Admissus
1539 1462 1607 1502 est

249 1530 419 1566 neruo.
452 1518 573 1567 Jure
592 1518 642 1570 id
661 1533 696 1591 q
777 1533 886 1565 eun:
918 1517 969 1565 ιιι
987 1517 1178 1568 homine
1196 1518 1321 1568 enim
1341 1519 1606 1584 turpissimo

262 1582 537 1630 obsolebant
556 1581 823 1644 dignitatis'
811 1582 1020 1644 insignia.

331 1642 477 1705 Cu'm,
497 1643 607 1693 inde
628 1646 832 1693 Romam
852 1646 1157 1709 proficiscens,
1180 1646 1240 1695 ad
1259 1647 1507 1712 Aquinum
1524 1665 1603 1697 ac-

254 1709 463 1784 cederet,
485 1710 670 1757 obviam
691 1709 734 1757 ei
753 1710 970 1772 processit
991 1716 1064 1765 (ut
1084 1719 1152 1759 est
1170 1712 1385 1775 frequens
1405 1714 1604 1762 munici-

249 1773 419 1887 ffl)
435 1789 613 1837 magna
632 1788 740 1821 sane
764 1774 1032 1822 multitudo.
1063 1775 1136 1823 At
1156 1776 1240 1823 iste
1265 1779 1422 1839 operta
1441 1778 1604 1825 lectica

405 1847 476 1887 est
499 1854 588 1901 per
608 1838 747 1901 oppid
636 1838 848 1901 ppidum,
870 1847 925 1885 ut
943 1850 1166 1888 mortuus.
1200 1841 1353 1888 Stulte
1383 1841 1603 1916 Aqiuna-
1638 1839 1641 1846 ”

397 1903 655 1951 sedtameu
675 1903 726 1949 in
747 1902 823 1950 via
842 1903 1125 1952 habitabant.
1159 1904 1290 1963 Quid
1298 1905 1556 1979 Anagnini
1572 1908 1597 1953 Ρ

183 1987 204 1996 ⁵
258 1968 367 2029 qui,
389 1982 516 2016 cum
521 1975 669 2014 essent
698 1966 834 2027 devii,
851 1966 1194 2028 descenderant,
1217 1977 1272 2015 ut
1295 1969 1454 2028 istum,
1477 1978 1599 2016 tam·-

258 2046 409 2093 quam
429 2031 469 2079 si
501 2039 618 2078 esset
638 2031 812 2090 consul,
840 2032 1102 2080 salutarent.
1140 2033 1413 2080 Incredibile
1433 2033 1594 2088 dictu;

243 2103 418 2145 :tamen
436 2096 555 2143 inter
566 2110 725 2142 omnes
744 2098 995 2157 constabat,
1011 2096 1246 2145 neminem
1263 2111 1371 2151 esse
1378 2096 1598 2142 resaluta-

241 2168 402 2216 tum,
433 2159 684 2223 prasertim
705 2174 812 2207 cum
833 2160 950 2207 duos
982 2174 1139 2207 secum
1159 2157 1435 2219 Anagninos
1455 2158 1598 2205 habe-

237 2235 344 2284 nt,
358 2224 631 2272 Mustellam
649 2233 695 2271 et
706 2224 966 2280 Laconem,
994 2236 1193 2295 quorum
1209 2221 1323 2267 alter
1337 2220 1596 2294 gladiorum

234 2298 325 2338 —est
345 2289 573 2352 princeps,
596 2289 711 2336 alter
736 2289 1024 2351 poculorum.
1059 2284 1190 2343 Quid
1215 2298 1299 2345 ego
1326 2284 1431 2331 illas
1463 2283 1594 2333 istius

235 2368 407 2403 mnas
426 2352 816 2415 contumeliasque
848 2364 1221 2406 commemorem,
1245 2347 1414 2412 quibus
1443 2348 1596 2398 invec-

253 2429 336 2465 tus
369 2424 438 2464 est
470 2416 521 2463 ιιι
550 2416 792 2474 Sidicinos,
827 2414 1011 2463 vexavit
1044 2413 1339 2472 Puteolanos,
1374 2416 1499 2477 quod
1533 2415 1590 2463 C.

231 2481 487 2540 -Casmum,
509 2480 636 2544 quod
656 2482 846 2536 Brutos,
867 2486 1082 2541 patronos
1103 2475 1223 2538 adop
1224 2476 1392 2524 tassent
1405 2482 1427 2526 ἒ
1461 2494 1594 2540 mag-

243 2562 316 2595 no
347 2545 542 2609 quidem
568 2543 765 2606 judicio,
800 2512 970 2601 st'udio,
1006 2540 1339 2598 benevolentia,
1375 2542 1589 2596 caritate,

243 2625 348 2660 non
373 2619 429 2659 ut
462 2606 855 2682 te‚utBasilum,
889 2605 938 2653 vi
973 2612 1020 2653 et
1050 2603 1208 2665 armiS,
1228 2603 1430 2668 etalips
1457 2602 1592 2652 vestri
