1858 3020
285 208 351 262 78
492 200 630 250 PRO
661 190 961 250 MILONE.
1007 188 1431 249 ARGUMENT.

298 331 518 381 Aliorum
549 345 735 394 quoque
759 329 989 391 judicum,
1012 329 1095 392 qui
1120 329 1181 377 de
1208 329 1263 377 ea
1281 344 1332 377 re
1357 327 1636 391 judicarent,

301 395 553 459 Pompeius
573 395 686 442 talea
714 393 968 458 proposuit,
991 402 1046 440 ut
1066 407 1308 457 nunquam
1328 408 1480 465 neque
1503 393 1639 441 clari-

302 476 403 508 ores
440 459 576 518 viros,
619 474 769 523 neque
802 458 1063 518 sanctiores,
1098 458 1351 521 propositos
1393 473 1489 505 esse
1531 471 1641 505 con-

372 588 487 636 Post
506 585 631 651 quod
647 587 803 634 statim
818 585 941 633 nova
953 586 1057 648 lege
1073 585 1196 632 Milo
1206 586 1464 648 postulatus
1483 601 1512 632 a
1531 584 1649 633 duo·

308 654 398 701 bus
431 650 602 715 Appiis
624 651 797 699 Clodiis
817 649 1194 706 adolescentibus,
1217 650 1397 707 iisdem,
1430 665 1458 696 a
1477 649 1650 712 quibus

311 725 447 765 antea
457 715 634 763 familia
645 716 745 776 ejus
755 714 904 762 fuerat
918 714 1164 777 postulata,
1181 713 1386 776 itemque
1401 713 1460 760 de
1471 711 1651 760 ambitu

311 783 375 828 ab
397 780 562 828 iisdem
592 778 782 842 Appiis,
814 787 860 825 et
888 786 1105 840 praeterea
1136 778 1195 824 de
1215 777 1262 824 vi
1284 793 1311 823 a
1335 777 1399 836 Q.
1423 777 1652 834 Petulcio,

317 854 364 893 et
391 844 451 891 11.
476 843 736 900 Cornificio,
775 843 834 889 de
858 840 1077 889 sodalitiis
1111 857 1138 887 a
1174 842 1229 888 Ρ.
1266 841 1433 888 Fulvio
1459 841 1508 888 N
1512 849 1651 888 erato.

317 909 585 957 Postulatus
613 916 768 955 autem
789 913 886 954 erat
907 914 954 953 et
973 905 1033 952 de
1053 905 1288 964 sodalitiiS,
1311 913 1357 951 et
1377 904 1435 952 de
1455 904 1655 964 ambitu,

319 973 376 1021 ea
396 988 493 1036 spe,
517 971 643 1034 quod
661 972 867 1034 primum
884 969 1114 1030 judicium
1136 969 1194 1016 de
1206 969 1252 1016 vi
1272 969 1485 1016 futurum
1510 983 1657 1031 appa-

317 1039 464 1097 rebat,
486 1051 581 1100 quo
602 1049 708 1082 eum
722 1035 994 1082 damnatum
1006 1032 1064 1079 iri
1076 1032 1379 1093 confidebant,
1396 1047 1480 1080 nec
1499 1040 1660 1096 postea

452 1114 661 1146 usurum.

439 1163 623 1211 vinatio
644 1162 703 1210 de
721 1161 900 1210 ambitu
921 1169 1235 1208 accusatorum
1247 1159 1369 1208 facta
1388 1168 1472 1218 est,
1494 1161 1662 1221 quaesi-

322 1236 422 1277 tore
440 1228 506 1276 A.
531 1227 797 1291 Torquatoz
825 1241 855 1273 a
904 1240 966 1272 ue
987 1226 1124 1273 ambo
1149 1225 1423 1285 quaesitores,
1447 1224 1664 1288 Torqua,

324 1300 402 1340 tua
444 1300 491 1340 et
526 1290 781 1349 Domitius,
808 1289 882 1353 pri
913 1288 956 1336 ‘e
987 1289 1149 1336 Nonas
1180 1288 1302 1362 Apr.
1341 1303 1473 1335 reum
1508 1289 1667 1336 adesse

322 1357 574 1418 jusserunt.
607 1355 717 1414 Quo
745 1354 821 1402 die
848 1353 973 1400 Milo
992 1353 1052 1399 ad
1073 1352 1272 1400 Domitii
1299 1352 1501 1399 tribunal
1524 1354 1667 1413 venit,

326 1420 388 1468 ad
420 1418 664 1483 Torquati,
695 1418 866 1465 amicos
896 1416 1024 1464 misit
1038 1434 1053 1463 ε
1087 1416 1170 1476 ibi,
1200 1416 1460 1480 postulante
1494 1432 1584 1479 pro
1617 1432 1669 1464 eo

326 1481 407 1532 M.
430 1483 672 1540 Marcello,
705 1481 921 1539 obtinuit,
944 1496 1004 1529 ne
1023 1480 1151 1544 prius
1182 1495 1368 1536 causam
1399 1479 1458 1528 de
1488 1481 1671 1530 ambitu

332 1546 518 1605 diceret,
541 1561 685 1609 quam
706 1546 765 1593 de
785 1545 831 1592 vi
847 1545 1076 1606 judicium
1099 1554 1213 1593 esset
1232 1544 1501 1608 perfectum.

326 1627 333 1631 ·
394 1611 545 1673 Apud
575 1609 839 1657 Domitium
865 1617 1022 1656 autem
1044 1610 1366 1670 quaesitorem,
1382 1610 1535 1670 maior
1557 1609 1668 1673 Ap-

369 1674 441 1722 ⁰us
655 1673 722 1721 vit
758 1689 785 1721 a
819 1673 1002 1721 Milone
1043 1689 1195 1721 servos
1228 1672 1433 1719 exhiberi
1473 1687 1671 1722 numero

333 1690 450 1788 RH
467 1747 514 1786 et
528 1738 572 1785 L
588 1755 601 1785 ε
637 1746 699 1796 et,
717 1753 825 1784 cum
845 1738 925 1784 ille
945 1746 1148 1799 negaret,
1164 1752 1256 1798 eoa,
1271 1736 1353 1799 qui
1369 1737 1674 1786 nominaban-

334 1811 430 1862 tur,
446 1802 497 1849 in
513 1802 598 1850 sua
617 1809 839 1865 potestate
859 1816 972 1860 esse,
991 1801 1244 1858 Domitius,
1274 1816 1334 1846 ex
1354 1802 1582 1849 sententia
1599 1803 1678 1863 ju.

332 1866 512 1925 dicum,
525 1866 854 1929 pronuntiavit,
876 1874 945 1920 ut,
964 1881 1022 1913 ex
1033 1879 1272 1914 servorum
1285 1879 1443 1912 eorum
1460 1879 1676 1925 numero,

336 1938 574 1978 accusator
590 1937 705 1994 quot
724 1930 861 1977 vellet
881 1929 1045 1977 ederet.

403 1994 546 2043 Citati
565 1993 730 2041 deinde
749 2002 900 2052 testea,
913 1993 1167 2041 secundum
1186 1993 1356 2055 legem,
1378 2008 1501 2057 quae,
1525 2002 1583 2041 ut
1604 2009 1681 2041 su-
1731 2007 1736 2014 ·

339 2074 428 2124 pra
438 2058 658 2115 diximus,
676 2059 884 2118 jubebat,
902 2066 958 2104 ut
976 2057 1122 2121 prius,
1138 2073 1280 2120 quam
1293 2072 1429 2105 causa
1449 2068 1680 2120 ageretur,

340 2131 476 2172 testes
502 2140 585 2188 per
610 2121 815 2170 triduum
852 2122 1135 2182 audirentur,
1171 2120 1291 2169 dicta
1325 2136 1483 2169 eorum
1503 2122 1682 2183 judices

341 2188 675 2251 consignarent,
697 2186 864 2250 quarta
883 2185 1294 2233 dieadesseomnes
1314 2185 1363 2232 in
1384 2185 1509 2232 diem
1527 2193 1683 2259 poste-

342 2265 451 2301 rum
459 2253 746 2314 juBerentur,
769 2265 839 2307 ac,
860 2264 1016 2297 coram
1030 2257 1287 2297 accusatore
1306 2264 1359 2296 ac
1373 2264 1469 2306 reo,
1491 2250 1621 2312 pilae,
1634 2250 1683 2296 in

379 2317 515 2364 uibus
527 2315 716 2363 nomina
731 2313 943 2375 judicum
954 2313 1170 2388 inscripta
1185 2321 1350 2372 essent,
1365 2321 1683 2375 aequarentur:

344 2332 632 2490 ΞέὶιλΧΧΧι-ιιτειιε
652 2377 834 2453 posterii
862 2377 938 2425 die
969 2377 1142 2425 sortitio
1162 2376 1687 2503 judtiecuztiliglfsestetuniua

453 2505 464 2516 .
631 2460 646 2490 ε
680 2456 1005 2516 qui-numerus
1035 2456 1142 2489 cum
1173 2456 1225 2515 so
1324 2457 1352 2488 o
1602 2457 1690 2504 ipsi

347 2513 914 2627 ffiffiffiffffss}
949 2506 1159 2625 w
1172 2504 1692 2631 ὼᾛωέᾼιᾚἛ

348 2630 431 2677 illo
448 2630 729 2690 judicaretur
743 2648 757 2677 ε
792 2632 921 2693 prius
937 2639 1090 2679 autem
1104 2647 1247 2696 quam
1264 2632 1501 2680 sententiae
1521 2633 1693 2681 ferren-

347 2701 442 2755 tur,
464 2693 630 2756 quinos
663 2708 722 2741 ex
742 2694 935 2757 singulis
967 2695 1202 2747 ordinibus
1231 2704 1481 2758 accusator,
1504 2696 1695 2747 totidem
