1858 3020
627 669 902 719 ORATIO
935 671 1211 722 XXXVII.

255 910 269 1042 ζ
322 956 414 1016 IN
455 957 523 1015 L.
563 955 1101 1016 GALPURNIUM
1140 955 1521 1016 PISONEM.

840 1127 1020 1161 ..0-

659 1267 1196 1318 ARGUMENTUM.

256 1415 410 1475 cun,
427 1416 479 1464 in
502 1417 775 1466 sententiam
798 1434 826 1465 a
841 1417 1061 1466 Cicerone
1074 1418 1126 1465 in
1148 1415 1351 1467 oratione
1373 1417 1409 1445 “
1422 1415 1481 1464 de
1494 1416 1610 1464 Pro-

254 1480 418 1530 vinciis
441 1480 806 1531 consularibus”
828 1482 1015 1543 dictam,
1045 1482 1222 1531 factum
1256 1489 1373 1530 esset
1401 1483 1608 1530 senatus-

255 1546 542 1605 oonsuth
582 1562 677 1610 quo
715 1547 825 1595 Piso
850 1556 896 1595 et
926 1548 1156 1596 Gabinius
1180 1549 1525 1607 revocabantur,
1560 1555 1608 1596 et

254 1609 340 1656 ille
359 1610 552 1658 redisset
572 1626 599 1658 e
620 1605 932 1668 Macedoni&
966 1628 1106 1661 ausus
1122 1621 1206 1671 est,
1228 1611 1280 1658 in
1302 1620 1479 1672 senatu,
1501 1626 1608 1674 gra-

259 1673 380 1732 viter
399 1674 457 1722 de
479 1674 699 1723 Cicerone
720 1676 956 1739 conqueri,
980 1683 1026 1723 et
1046 1675 1270 1723 nonnulla
1289 1676 1338 1723 in
1360 1691 1469 1723 eum
1503 1689 1612 1723 con-

262 1738 504 1787 tumeliose
524 1738 691 1787 dicere.
737 1740 846 1788 Hac
871 1740 1043 1801 injurie⁴
1062 1739 1273 1788 incensus
1290 1739 1467 1800 Cicero,
1490 1738 1611 1788 hanc

262 1801 517 1852 orationem
547 1803 728 1863 habuit,
752 1804 865 1867 qua,
888 1803 1117 1868 quidquid
1136 1803 1304 1851 doloris
1325 1811 1609 1868 conceperat,

254 1863 312 1911 ‘in
335 1881 443 1914 eum
456 1882 596 1915 omne
612 1867 788 1915 effudit.
823 1868 1065 1932 Praecipua
1077 1868 1257 1916 dicendi
1270 1868 1461 1919 materia
1475 1868 1617 1915 ducta

245 1938 334 1978 'eet
353 1947 382 1978 a
401 1932 743 1995 comparatione
771 1933 846 1980 sui
867 1948 977 1983 cum
999 1932 1180 1981 Pisone.
1215 1932 1464 1982 Contendit
1485 1932 1611 1979 enim

262 1995 560 2043 consulatum
581 2011 690 2044 cum
708 1997 967 2058 consulatu,
984 1997 1161 2046 exitum
1183 2013 1242 2045 ex
1262 1998 1392 2046 Urbe
1407 2011 1516 2045 cum
1532 2010 1615 2042 ex-

259 2058 352 2120 itu,
373 2059 578 2107 reditum
598 2060 649 2108 in
663 2061 843 2110 Urbem
856 2057 963 2109 ‹ffim
978 2061 1147 2123 reditu,
1162 2070 1208 2110 et
1224 2061 1367 2110 vitam
1387 2062 1614 2110 urbanam

261 2132 403 2188 atque
419 2123 656 2173 assiduam
683 2141 791 2173 cum
814 2125 912 2174 vita
936 2126 1128 2175 urbana.
1176 2127 1403 2174 Praeterea
1423 2121 1616 2171 crimina

260 2187 579 2249 provincialia,
589 2189 921 2249 crudelitatem,
933 2191 1187 2253 avaritiam,
1196 2186 1614 2253 intemperantiam,

262 2251 475 2316 strictim,
500 2251 581 2302 sed
596 2255 772 2318 aber-be,
794 2254 1072 2324 perstringit.
