1858 3020
490 182 627 233 PRO
659 183 959 233 MILONE.
992 184 1124 234 CAP.
1162 184 1238 233 13.
1466 183 1531 231 9³

189 310 322 359 nobis
359 310 596 371 munibus,
640 321 779 424 suffe
812 311 1086 361 inusturus?
1115 302 1316 372 Exhibe,
1354 326 1528 376 quaeso,

191 376 329 424 Sexte
351 373 510 433 Clodi,
524 376 689 424 exhibe
721 377 941 425 ‘bi-arium
957 376 1074 424 illud
1086 377 1243 439 legum
1256 383 1528 435 vestrarum,

192 439 317 502 quod
338 448 388 486 te
421 439 555 486 aiunt
576 440 792 503 eripuisse
814 456 840 488 e
868 441 1027 499 domo,
1058 449 1104 488 et
1124 457 1182 488 ex
1208 436 1369 487 mediis
1389 440 1530 487 armis

192 504 425 566 turbaque
446 505 688 561 nocturna,
711 514 952 568 tamquam
976 504 1256 561 Palladium,
1280 503 1528 561 sustulisse,

193 568 557 689 ffiffffiffi
564 568 778 695 fflssssffs,
792 568 1532 695 QURQZQPffiffffffi

782 666 797 690 ‚
1511 658 1532 671 .

193 695 283 742 trio
304 695 598 743 tribunatum
626 706 818 759 gereret,
845 696 1019 744 deferre
1039 712 1205 759 posses.
1239 696 1306 742 Et
1324 693 1537 757 adspexit

194 773 270 806 me
289 759 387 806 illis
407 758 598 833 quidem
616 760 779 818 oculis,
802 762 972 824 quibus
983 769 1085 808 tum
1107 761 1297 817 solebat,
1311 773 1418 807 cum
1434 773 1538 806 om-

194 822 288 897 nis·
303 825 526 871 omnibus
547 824 823 872 minabatur.
860 823 1025 873 Movet
1057 840 1134 872 me
1170 824 1344 887 quippe
1374 822 1536 869 lumen

194 901 347 934 curiae.

202 980 209 987 -
258 951 417 999 XIII.
453 949 627 1009 Quid?
661 960 713 1000 tu
741 968 818 1001 me
854 953 1044 1011 iratum,
1075 953 1229 1011 Sexte,
1266 958 1401 1014 putas
1430 949 1534 1007 tibi,

197 1015 331 1076 cujus
351 1023 406 1061 tu
426 1014 796 1064 inimicissimum
816 1018 967 1065 multo
987 1016 1216 1065 crudelius
1237 1015 1375 1064 etism
1396 1013 1535 1077 puni-

196 1086 273 1135 tus
301 1094 368 1138 es,
392 1094 537 1142 quain
559 1089 655 1127 erat
684 1080 983 1128 humanitatis
1007 1096 1124 1128 meae
1151 1080 1421 1144 postulare?
1457 1077 1538 1124 Tu

197 1143 254 1190 P.
278 1142 434 1191 Clodii
456 1154 698 1192 cruentum
720 1144 909 1193 cadaver
929 1145 1099 1206 ejecisti
1119 1144 1274 1203 domo,
1299 1152 1351 1191 tu
1373 1143 1423 1190 in
1444 1158 1537 1205 pu-

197 1204 376 1256 blicum
393 1207 599 1269 abJecisti
616 1227 630 1255 z
656 1218 707 1256 tu
724 1209 972 1272 spoliatum
987 1209 1284 1271 imaginibus,
1294 1206 1540 1270 exsequiis,

196 1270 391 1335 poinpii,
420 1271 700 1331 laudatione,
732 1272 1055 1320 infelicissimis
1087 1272 1226 1335 lignis
1252 1270 1542 1319 semiustula-

198 1344 321 1395 tum,
334 1335 574 1383 nocturnis
590 1336 778 1384 canibus
790 1336 1109 1385 dilaniandum
1121 1335 1356 1399 reliquisti.
1381 1334 1540 1393 Quam

198 1414 299 1447 rem
324 1399 412 1447 etsi
431 1399 603 1447 nefarie
622 1400 785 1460 fecisti,
816 1409 989 1461 tamen,
1011 1400 1231 1465 quoniam
1269 1401 1319 1448 in
1344 1414 1450 1447 meo
1469 1398 1542 1445 in-

198 1462 339 1512 imico
369 1463 685 1512 crudelitatem
720 1465 1009 1529 expromsisti
1043 1474 1190 1527 tuam,
1226 1464 1415 1514 laudate
1446 1477 1541 1510 non

197 1544 409 1592 possum,
432 1528 564 1576 irasci
584 1538 703 1577 certe
723 1544 816 1578 non
838 1530 995 1578 debeo.

204 1621 221 1626 -
265 1594 324 1641 P.
347 1592 764 1655 Clodiipraetursm
775 1608 870 1642 non
890 1596 987 1643 sine
1001 1594 1207 1643 maximo
1221 1610 1376 1642 rerum
1397 1607 1541 1641 nova-

199 1672 310 1705 rum
343 1666 476 1704 metu
510 1658 720 1720 proponi,
760 1669 806 1706 et
835 1659 1032 1706 solutam
1059 1659 1155 1707 fore
1183 1658 1419 1715 videbatis,
1453 1656 1545 1704 nisi

202 1728 323 1768 esset
341 1721 383 1768 is
403 1722 580 1778 consul,
604 1721 689 1785 qui
714 1737 817 1769 eam
852 1722 1039 1770 auderet
1066 1732 1304 1786 possetque
1326 1720 1546 1771 constrin-

200 1799 326 1847 gere.
363 1784 493 1832 Eum
530 1785 761 1834 Milonem
798 1801 910 1845 esse,
946 1801 1052 1834 cum
1088 1786 1273 1834 sentiret
1305 1785 1544 1834 universus

200 1849 407 1913 populus
428 1849 708 1906 Romanus;
743 1850 846 1913 quis
867 1850 1112 1909 dubitaret,
1136 1849 1353 1913 suffragio
1373 1863 1474 1907 suo,
1498 1863 1547 1896 se

200 1913 571 2025 ses-‘xm
585 1913 1439 2027 ‘saffffiffisffins‘
1486 1912 1545 2021 ¹}-

202 2040 319 2101 loni‚
359 2049 416 2088 ut
449 2011 636 2089 tuest’ur
667 1995 938 2104 dignit'atem
970 2058 1117 2091 suam.
1159 2041 1415 2105 Singularis
1448 2039 1547 2098 illa,

206 2104 317 2152 huic
349 2105 437 2152 uni
471 2119 683 2153 concessa
719 2106 880 2168 gloria,
916 2123 1022 2170 quae
1035 2119 1042 2124 '
1057 2107 1260 2170 quotidie
1297 2105 1550 2166 augebatur

207 2167 475 2231 &ungendis
495 2169 726 2218 furoribus
747 2167 1001 2230 Clodianis,
1021 2173 1119 2233 jam
1141 2177 1288 2217 morte
1311 2163 1464 2215 Clodii
1480 2178 1555 2211 ce-

208 2232 333 2281 cidit.
369 2233 471 2281 Vos
492 2232 647 2297 adepti
672 2234 792 2292 estis,
823 2249 883 2282 ne
911 2251 1050 2299 quem
1084 2234 1229 2282 civem
1257 2227 1518 2278 metueretis
1534 2243 1549 2274 z

206 2294 283 2343 hic
303 2298 678 2345 exercitationem
711 2298 908 2353 virtutis,
940 2296 1316 2359 suffragationem
1344 2291 1552 2340 consuls-

209 2363 298 2418 ωε,
321 2360 502 2409 fontem
529 2376 774 2425 perennem
810 2363 969 2426 gloriae
997 2377 1108 2418 suae,
1137 2357 1348 2423 perdidit.
1387 2358 1553 2424 Itaque

212 2421 410 2472 Milonis
431 2427 710 2485 consulatus,
734 2427 833 2500 qui,
857 2427 962 2475 vivo
984 2423 1165 2483 Clodio,
1189 2415 1450 2470 labefactari
1462 2436 1555 2470 non

215 2497 412 2550 poterat,
449 2499 633 2537 mortuo
663 2490 769 2537 dem
801 2506 861 2538 ue
896 2488 1064 2538 tentari
1097 2494 1271 2550 coeptus
1313 2495 1394 2534 est.
1443 2488 1490 2534 N
1495 2502 1557 2534 on

216 2552 712 2618 modoigiturnihilp
794 2551 1299 2615 esgsedobestetiam,
1323 2553 1380 2601 P.
1404 2550 1558 2600 clodii

217 2627 340 2664 mors
361 2616 554 2664 Miloni.

222 2703 229 2709 ·
280 2680 351 2728 At
387 2680 535 2729 valuit
568 2681 765 2739 odium;
813 2681 938 2730 fecit*
957 2681 1135 2737 iratum
1174 2678 1282 2727 fecit
1312 2676 1562 2726 inimicust
