1858 3020
448 232 455 240 ,
478 195 887 246 PHIHPPICA
918 197 1143 246 X.‘CA1’.
1169 201 1260 247 1⁰..
1438 198 1538 246 335
1573 267 1582 282 =

201 323 528 387 gravissimum
549 334 753 401 poneret.
784 326 965 382 Scilicet
983 325 1073 374 hoc
1092 325 1246 374 Pansa
1255 334 1337 376 aut
1355 339 1460 378 non
1469 325 1542 374 vi-

202 388 279 435 det
295 388 473 442 (hebeti
489 390 613 436 enim
634 389 818 453 ingenio
838 399 924 448 est)
943 399 1025 438 aut
1044 390 1237 453 negligit
1251 393 1274 438 Ρ
1290 406 1394 453 quae
1413 390 1539 438 enim

203 450 359 500 Caesar
380 452 490 514 egit,
509 470 563 501 ea
577 463 676 501 rata
696 470 800 502 esse
809 470 902 502 non
924 462 1085 502 curat.
1110 455 1168 502 de
1187 454 1355 517 quibus
1376 455 1540 501 confir-

202 517 386 564 mandis
420 525 471 563 et
492 518 758 576 sanciendis,
785 520 937 582 legem
967 518 1177 567 comitiis
1191 519 1452 566 centuriatis
1480 534 1540 566 ex

200 581 471 629 auctoritate
489 582 645 629 nostra
663 582 840 631 laturus
861 592 943 631 est.

266 645 364 692 IX.
388 646 618 693 Desinant
637 646 794 709 igitur,
818 656 900 695 aut
914 648 966 707 ii,
980 647 1063 710 qui
1083 661 1177 694 non
1198 646 1397 721 timent,-
1396 646 1539 693 simu-

198 709 324 784 hire,-
337 725 387 757 se
407 710 583 768 timere,
616 726 663 757 se
674 712 937 786 prospicere
957 711 1249 774 reipublicae,
1283 719 1365 758 aut
1384 710 1435 768 ii,
1458 710 1542 773 qui

197 774 360 826 omnia
380 783 608 834 verentur,
638 774 838 822 nimium
867 791 963 823 esse
982 775 1165 831 timidig
1199 790 1258 822 ne
1278 776 1464 822 illorum
1481 774 1543 821 si-

199 837 414 897 mulatio,
445 838 615 886 horum
641 839 760 887 obsit
792 840 994 914 ignavia.
1036 840 1159 898 Quae
1184 841 1383 893 (malum
1402 840 1439 896 ἱ)
1472 848 1541 886 est

199 901 288 948 ista
308 902 444 961 ratio,
469 918 646 965 semper
666 904 851 966 optimis
873 920 1019 952 causus
1035 912 1348 951 veteranorum
1372 917 1548 950 nomen

198 980 432 1029 opponere
447 970 470 1015 ἓ
503 982 702 1030 quorum
723 968 900 1015 etiamsi
921 968 1216 1030 amplecterer
1236 968 1452 1014 virtutem
1468 970 1544 1021 (ut

198 1030 355 1089 facio),
374 1038 547 1090 tamen,
571 1031 612 1078 si
639 1040 786 1079 essent
805 1041 1084 1107 arrogantes,
1107 1046 1200 1079 non
1220 1045 1402 1095 possem
1422 1030 1540 1078 ferre

198 1093 453 1141 fastidium.
484 1096 570 1142 An
594 1110 695 1154 nos,
718 1104 931 1143 conantes
961 1096 1189 1144 servitutis
1209 1096 1392 1143 vincula
1412 1109 1542 1142 rum-

200 1173 327 1221 pere,
362 1158 678 1222 impediet,si
737 1160 810 1208 uis
834 1169 1069 1208 veteranos
1100 1160 1150 1206 id
1181 1160 1303 1207 nolle
1335 1159 1535 1205 dixerit?

199 1222 311 1270 Non
333 1231 445 1269 sunt
465 1223 590 1270 enim
611 1226 631 1277 (
736 1222 787 1284 )
804 1223 1179 1282 mnumerabiles
1196 1223 1279 1286 qui
1307 1238 1392 1285 pro
1412 1237 1538 1270 eom-

198 1286 334 1333 muni
353 1286 564 1336 libertate
583 1302 714 1348 arma
741 1288 953 1350 capiant·
989 1302 1125 1335 nemo
1146 1295 1213 1335 est
1234 1295 1397 1350 praeter
1417 1294 1541 1334 vete-

201 1364 336 1398 ranos
351 1351 540 1411 milites,
563 1351 646 1415 qui
665 1351 726 1399 ad
746 1352 1012 1400 servitutem
1031 1350 1424 1414 propulsandam
1409 1364 1540 1413 mge-

200 1428 295 1461 uuo
314 1414 473 1463 dolore
492 1416 728 1463 excitetur.
772 1416 931 1463 Potest
950 1414 1092 1478 igitur
1119 1423 1237 1462 stare
1264 1414 1537 1490 respublica,

197 1477 316 1529 freta
329 1479 570 1539 veteranis,
592 1479 690 1528 sine
709 1491 881 1544 magno
888 1479 1125 1536 ,subsidio
1105 1479 1398 1541 juventutis?
1422 1494 1539 1543 quos

199 1544 404 1619 quidem
425 1559 506 1592 vos
537 1544 758 1593 liberans
782 1544 1021 1606 adjutores
1058 1545 1297 1609 complecti
1329 1545 1533 1602 debetis·

198 1608 430 1656 servitutis
448 1614 652 1658 auctores
672 1609 803 1672 sequi
822 1623 916 1657 non
931 1609 1119 1658 debetis.

204 1718 209 1723 ,
263 1672 522 1731 Postremo,
562 1675 794 1736 (enimpat
826 1673 953 1721 enim
976 1673 1224 1737 aliquando
1244 1689 1353 1723 vera
1382 1681 1430 1721 et
1458 1687 1536 1721 me

196 1736 341 1799 digna
361 1743 475 1794 vox)
494 1737 534 1784 si
547 1745 864 1786 veteranorum
876 1744 997 1784 nutu
1016 1746 1191 1786 mentes
1211 1738 1352 1799 hujus
1365 1737 1538 1785 ordinis

196 1802 599 1864 gubemabuntur,
621 1800 870 1864 omniaque
888 1799 950 1847 ad
966 1816 1124 1849 eorum
1136 1802 1420 1850 voluntatem
1431 1816 1537 1848 nos-

197 1872 272 1912 fla
292 1865 432 1923 dicta,
459 1864 595 1923 facta,
629 1865 911 1921 referentum
946 1865 1146 1929 optanda
1172 1881 1297 1914 mors
1317 1874 1400 1923 est,
1430 1881 1538 1940 quse

196 1928 377 1977 civibus
398 1929 623 1977 Romanis
639 1943 817 1992 semper
827 1928 919 1976 fuit
933 1930 1151 1979 servitute
1170 1931 1333 1994 potior.
1365 1928 1537 1978 Omnis

198 2002 267 2041 est
296 1992 466 2040 misera
493 1992 713 2041 servitus.
736 1993 828 2041 sed
850 1993 990 2043 fuerit
1017 1995 1248 2070 quaedam
1255 1993 1534 2042 necessaria.
1575 2026 1580 2037 ,

197 2056 487 2131 ecquodnam
499 2056 777 2121 principium
788 2058 963 2122 putatis
975 2059 1196 2107 libertatis
1215 2055 1500 2120 capessendae
1509 2058 1534 2103 Ρ

195 2123 302 2180 An,
323 2135 433 2168 cum
461 2120 597 2168 illum
625 2123 927 2170 necessarium
956 2131 1003 2170 et
1021 2122 1207 2169 fatalem
1228 2135 1360 2183 paene
1380 2132 1537 2164 essum

197 2199 296 2232 non
303 2185 564 2245 tulerimus,
574 2184 697 2234 hunc
703 2186 902 2235 feremus
910 2185 1252 2233 voluntarium?
1266 2182 1391 2229 Tota
1397 2179 1537 2227 Italia
1561 2207 1570 2217 ·

196 2248 426 2296 desiderio
446 2249 668 2298 libertatis
688 2250 885 2298 exarsit.
909 2249 1076 2295 servire
1087 2246 1263 2293 diutius
1282 2257 1376 2291 non
1389 2252 1537 2305 potest

195 2313 393 2361 civitas·
414 2311 570 2360 serius
589 2315 763 2377 populo
783 2314 998 2360 Romano
1018 2310 1144 2356 hunc
1163 2308 1377 2356 vestitum
1398 2314 1537 2369 atque

194 2392 332 2424 arma
351 2375 579 2436 dedimus,
602 2393 747 2441 quam
767 2378 827 2423 ab
847 2390 901 2424 eo
919 2372 1113 2437 flagitati
1133 2387 1336 2435 sumus.

261 2441 353 2488 X.
367 2439 550 2502 Magna
568 2455 653 2489 nos
674 2440 862 2516 quidem
875 2454 973 2502 spe,
988 2446 1033 2485 et
1046 2452 1189 2501 prope
1209 2433 1460 2549 mm,
1478 2433 1537 2482 li-

192 2503 391 2553 bertatis
411 2518 598 2552 causam
618 2504 914 2568 suscepimus.
950 2501 1124 2563 Sed,ut
1134 2516 1219 2549 eon
1390 2514 1537 2546 meer-

189 2578 269 2617 ιω
291 2566 446 2615 exitus
467 2583 561 2616 esse
579 2569 709 2628 belli,
723 2567 1021 2642 Martemque
1040 2579 1365 2619 οοιιιιιιιιιιειιις
1383 2571 1538 2610 tamen

187 2647 284 2706 pro
310 2630 539 2690 libertate,
565 2633 680 2680 vitae'
697 2631 916 2695 periculo,
946 2629 1271 2677 decertandum
1300 2635 1411 2676 est.
1424 2626 1540 2672 Non

186 2697 323 2747 enim
345 2695 582 2758 inspiritu
599 2696 693 2744 vita
713 2703 809 2754 est3
833 2695 912 2744 sed
933 2709 987 2744 ea
1007 2692 1218 2747 nullaest
1238 2690 1427 2739 omnino·
1447 2702 1539 2734 ser-
