1858 3020
496 661 656 720 pao
699 663 909 739 REGE
948 662 1386 724 DEIOTARO.

334 800 381 852 1.
416 804 567 865 Cum,
589 805 639 863 in
660 807 873 854 omnibus
902 807 1047 855 causis
1067 807 1367 871 gravioribus,
1398 802 1484 854 cai
1505 803 1609 853 Cae-

263 884 363 928 aar,
401 869 535 916 initio
567 870 747 917 dicendi
781 872 1056 919 commoveri
1089 872 1259 919 soleam
1293 869 1608 918 vehementius

270 948 415 996 quam
437 933 619 981 videtur
638 934 712 981 vel
732 950 842 982 usus
863 936 936 983 vel
958 944 1066 984 aetas
1086 951 1192 983 mea
1210 935 1471 999 postulare3
1505 942 1610 980 tum

266 996 321 1044 in
342 997 430 1044 hac
449 998 586 1044 caus‘a
605 998 672 1044 ita
691 1013 768 1054 me
796 1000 945 1047 multa
964 1002 1251 1063 perturbant,
1285 1007 1357 1057 ut,
1379 1005 1609 1061 quantum

265 1073 377 1108 'mea
395 1061 509 1109 fides
524 1061 661 1108 studii
673 1061 790 1108 mihi
805 1063 965 1111 afferat
980 1064 1039 1111 ad
1055 1063 1386 1125 matema-egis
1401 1060 1609 1109 Deiotari

265 1124 622 1184 defendendam,
645 1134 826 1174 tantum
848 1127 1076 1175 facultatis
1092 1128 1230 1175 timor
1250 1126 1472 1174 detrahat.
1505 1124 1610 1171 Pri-

261 1200 419 1248 mum,
438 1189 541 1238 dico
560 1205 645 1253 pro
665 1191 812 1254 capite
832 1191 1117 1256 fortunisque
1132 1191 1249 1255 regis
1264 1208 1279 1238 z
1314 1190 1438 1254 quod
1455 1189 1611 1252 ipsum

268 1254 353 1300 etsi
374 1268 470 1300 non
492 1250 706 1329 iniquum
736 1264 819 1313 est,
842 1255 892 1302 in
913 1265 997 1303 tuo
1019 1257 1245 1303 duntaxat
1271 1254 1505 1318 pericu-103
1539 1261 1610 1299 ta-

266 1331 379 1365 men
400 1326 472 1364 est
492 1318 559 1365 ita
576 1319 864 1377 mussitatum,
887 1335 1044 1382 regem
1074 1320 1233 1383 capitis
1261 1333 1392 1366 reum
1421 1332 1533 1377 esse,
1555 1323 1611 1363 ut

257 1389 376 1428 'ante
395 1380 484 1429 hoc
505 1390 688 1444 tempus
709 1398 801 1431 non
828 1383 886 1431 sit
914 1384 1143 1432 auditum.
1184 1383 1384 1443 Deinde,
1408 1396 1517 1429 eum
1538 1394 1611 1428 re-

272 1460 399 1507 gem,
421 1461 564 1509 quem
586 1461 745 1495 ornare
766 1456 899 1495 antea
914 1458 1078 1496 cuncto
1091 1463 1198 1496 cum
1215 1456 1372 1496 senatu
1387 1446 1608 1507 solebam,

271 1509 359 1572 pro
377 1510 613 1575 perpetuis
634 1512 732 1573 ejus
752 1512 800 1559 in
827 1522 1029 1561 nostram
1058 1514 1390 1577 rempublicam
1415 1509 1608 1571 meritis,
1648 1557 1657 1562 .

269 1588 415 1635 nunc,
435 1584 594 1623 contra
614 1576 944 1624 atrocissimum
970 1578 1161 1637 crimen,
1191 1592 1326 1641 cogor
1353 1576 1609 1624 defendere.

257 1637 486 1697 Ἀοωᾱίι,
509 1646 564 1687 ut
584 1649 896 1688 accusatorum
913 1642 1099 1689 alterius
1120 1642 1399 1699 crudelitate,
1422 1640 1611 1687 alterius

269 1702 561 1765 indignitate,
584 1707 839 1752 conturber.
886 1703 1132 1753 Crudelem
1155 1704 1419 1754 Castorem!
1455 1718 1514 1750 ne
1539 1702 1611 1749 di-

273 1780 378 1813 oem
400 1768 668 1815 sceleratum
690 1777 736 1816 et
755 1768 952 1832 impium
969 1786 987 1826 ς
1020 1770 1102 1834 qui
1122 1784 1262 1845 nepos
1283 1785 1423 1817 avum
1444 1768 1494 1813 in
1515 1766 1610 1814 dia-

265 1830 446 1878 crimen
469 1832 630 1895 capitis
650 1832 909 1892 adduxerit,
927 1833 1327 1909 adolescentlaeque
1355 1849 1450 1880 auae
1471 1840 1613 1878 terro-

270 1908 371 1941 rem
391 1895 600 1943 intulerit
620 1896 678 1955 ei,
703 1898 834 1957 cujus
856 1906 1133 1946 senectutem
1154 1907 1272 1946 tuen
1294 1905 1339 1945 et
1359 1902 1510 1960 tegere
1529 1894 1612 1941 de-

177 2017 182 2021 ,
259 1957 442 2016 'bebat3
477 1961 1009 2025 commendationemque
1042 1962 1243 2011 ineuntis
1272 1962 1416 2013 aetatis
1441 1961 1500 2006 ab
1522 1959 1614 2004 im-

258 2022 443 2085 ‘pietate
480 2032 528 2071 et
560 2025 723 2073 scelere
749 2025 931 2074 duxerit
948 2043 964 2086 ς
999 2027 1073 2074 avi
1107 2042 1307 2084 servum,
1343 2031 1613 2085 corruptum

257 2086 492 2149 praemiis,
511 2088 571 2136 ad
591 2090 896 2138 accusandum
912 2091 1151 2139 dominum
1174 2088 1427 2152 impulerit,
1443 2095 1489 2132 et
1504 2100 1533 2132 a
1546 2085 1615 2130 le-

273 2160 490 2213 gatorum
512 2153 705 2215 pedibus
726 2154 981 2202 abduxerit.
1028 2154 1234 2217 Fugitivi
1262 2160 1438 2208 autem,
1464 2146 1614 2221 domi-

267 2221 391 2262 ‘num
414 2218 681 2274 accusantis,
705 2226 751 2264 et
770 2218 1011 2266 dominum
1033 2220 1285 2275 absentem,
1310 2224 1355 2261 et
1370 2213 1613 2259 dommum

274 2279 609 2327 amicissimum
643 2290 809 2329 nostrae
840 2282 1120 2345 reipublicae,
1156 2294 1264 2327 cum
1297 2292 1348 2324 os
1380 2275 1612 2331 videbam,

274 2358 384 2389 cum
406 2346 548 2392 verba
564 2343 837 2403 audiebam3
871 2361 963 2392 non
981 2355 1076 2392 tam
1091 2343 1307 2391 afflictam
1322 2339 1494 2402 regiam
1508 2352 1615 2386 com.

273 2406 500 2454 ditionem
535 2409 764 2468 dolebam,
800 2425 944 2473 quam
973 2408 1030 2455 de
1067 2405 1257 2454 fortunis
1293 2402 1614 2452 communibus

276 2470 646 2519 extimescebam.
680 2474 828 2528 Nam,
850 2487 976 2530 cum,
998 2485 1126 2518 more
1145 2471 1391 2529 majorum,
1415 2468 1472 2513 de
1489 2480 1617 2537 senso

277 2533 329 2581 in
350 2533 612 2595 dominum,
637 2551 696 2584 ne
726 2535 966 2584 tormentis
987 2533 1193 2598 quidem,
1229 2531 1374 2595 quaeri
1392 2530 1618 2601 liceat-(m

280 2595 378 2660 qua
393 2600 645 2662 quaestione
661 2600 791 2647 dolor
807 2613 961 2645 veram
978 2612 1136 2644 vocem
1149 2594 1307 2642 elicere
1326 2592 1469 2666 ppssit
1480 2599 1619 2637 enam

254 2658 262 2664 ’
283 2663 350 2712 ab
363 2661 530 2721 invito)
546 2680 562 2720 3
597 2671 785 2711 exortus
805 2670 875 2708 est
896 2675 1068 2717 servus,
1086 2659 1185 2721 qui,
1200 2671 1339 2721 quem
1355 2669 1405 2700 m
1427 2650 1624 2713 eq‘uuleo

278 2718 517 2794 'appellen-e
536 2741 630 2775 non
652 2735 821 2789 posset,
845 2738 953 2770 eum
976 2729 1204 2772 amaret
1223 2720 1416 2767 solutus·
