<?xml version="1.0" encoding="UTF-8"?>
<!DOCTYPE html PUBLIC "-//W3C//DTD XHTML 1.0 Transitional//EN"
    "http://www.w3.org/TR/xhtml1/DTD/xhtml1-transitional.dtd">
<html xmlns="http://www.w3.org/1999/xhtml" xml:lang="en" lang="en">
 <head>
  <title>
</title>
<meta http-equiv="Content-Type" content="text/html;charset=utf-8" />
  <meta name='ocr-system' content='tesseract 3.04.00' />
  <meta name='ocr-capabilities' content='ocr_page ocr_carea ocr_par ocr_line ocrx_word'/>
</head>
<body>
  <div class='ocr_page' id='page_1' title='image "./operaexeditioni05ernegoog_0301.png"; bbox 0 0 1858 3020; ppageno 0'>
   <div class='ocr_carea' id='block_1_1' title="bbox 511 230 1557 289">
    <p class='ocr_par' dir='ltr' id='par_1_1' title="bbox 511 230 1557 289">
     <span class='ocr_line' id='line_1_1' title="bbox 511 230 1557 289; baseline 0.003 -10"><span class='ocrx_word' id='word_1_1' title='bbox 511 230 916 280; x_wconf 78' lang='lat' dir='ltr'><strong>PHILIPPICA</strong></span> <span class='ocrx_word' id='word_1_2' title='bbox 952 232 1014 280; x_wconf 87' lang='lat' dir='ltr'><strong>V.</strong></span> <span class='ocrx_word' id='word_1_3' title='bbox 1048 234 1175 283; x_wconf 72' lang='lat' dir='ltr'><strong>CAP.</strong></span> <span class='ocrx_word' id='word_1_4' title='bbox 1213 235 1287 289; x_wconf 83' lang='lat'><strong>17.</strong></span> <span class='ocrx_word' id='word_1_5' title='bbox 1358 235 1367 246; x_wconf 85' lang='lat'><strong>‘</strong></span> <span class='ocrx_word' id='word_1_6' title='bbox 1416 250 1419 252; x_wconf 63' lang='grc'><strong><em>’</em></strong></span> <span class='ocrx_word' id='word_1_7' title='bbox 1461 236 1557 282; x_wconf 79' lang='grc'><strong>283</strong></span> 
     </span>
    </p>
   </div>
   <div class='ocr_carea' id='block_1_2' title="bbox 181 358 1570 2728">
    <p class='ocr_par' dir='ltr' id='par_1_2' title="bbox 181 358 1570 2728">
     <span class='ocr_line' id='line_1_2' title="bbox 220 358 1559 426; baseline 0.001 -17"><span class='ocrx_word' id='word_1_8' title='bbox 220 359 363 409; x_wconf 73' lang='lat' dir='ltr'><strong>nibus</strong></span> <span class='ocrx_word' id='word_1_9' title='bbox 399 358 546 408; x_wconf 77' lang='lat' dir='ltr'><strong>Sunae</strong></span> <span class='ocrx_word' id='word_1_10' title='bbox 578 375 714 408; x_wconf 76' lang='lat' dir='ltr'><strong>causa</strong></span> <span class='ocrx_word' id='word_1_11' title='bbox 747 368 910 423; x_wconf 84' lang='lat' dir='ltr'><strong>grata:</strong></span> <span class='ocrx_word' id='word_1_12' title='bbox 946 360 1145 408; x_wconf 77' lang='lat' dir='ltr'>declarat</span> <span class='ocrx_word' id='word_1_13' title='bbox 1176 361 1426 409; x_wconf 89' lang='lat' dir='ltr'><strong>multitudo</strong></span> <span class='ocrx_word' id='word_1_14' title='bbox 1451 378 1559 426; x_wconf 89' lang='lat' dir='ltr'><strong>pro-</strong></span> 
     </span>
     <span class='ocr_line' id='line_1_3' title="bbox 218 425 1558 488; baseline 0.003 -17"><span class='ocrx_word' id='word_1_15' title='bbox 218 425 511 488; x_wconf 74' lang='lat' dir='ltr'><strong>scriptorum,</strong></span> <span class='ocrx_word' id='word_1_16' title='bbox 534 434 602 472; x_wconf 88' lang='lat' dir='ltr'><strong>tot</strong></span> <span class='ocrx_word' id='word_1_17' title='bbox 631 425 987 487; x_wconf 83' lang='lat' dir='ltr'>municipiorum</span> <span class='ocrx_word' id='word_1_18' title='bbox 1013 426 1232 472; x_wconf 74' lang='lat' dir='ltr'><strong>maximae</strong></span> <span class='ocrx_word' id='word_1_19' title='bbox 1265 426 1558 475; x_wconf 74' lang='lat' dir='ltr'><strong>calamitates.</strong></span> 
     </span>
     <span class='ocr_line' id='line_1_4' title="bbox 219 488 1557 548; baseline -0.003 -12"><span class='ocrx_word' id='word_1_20' title='bbox 219 488 376 536; x_wconf 75' lang='lat' dir='ltr'><strong>Caesar</strong></span> <span class='ocrx_word' id='word_1_21' title='bbox 408 498 582 548; x_wconf 85' lang='lat' dir='ltr'><strong>autem,</strong></span> <span class='ocrx_word' id='word_1_22' title='bbox 618 489 750 535; x_wconf 75' lang='lat' dir='ltr'><strong>anuis</strong></span> <span class='ocrx_word' id='word_1_23' title='bbox 786 489 947 536; x_wconf 72' lang='lat' dir='ltr'><strong>multis</strong></span> <span class='ocrx_word' id='word_1_24' title='bbox 982 489 1151 547; x_wconf 88' lang='lat' dir='ltr'><strong>minor,</strong></span> <span class='ocrx_word' id='word_1_25' title='bbox 1190 498 1440 547; x_wconf 43' lang='lat' dir='ltr'><strong>veterano&amp;</strong></span> <span class='ocrx_word' id='word_1_26' title='bbox 1476 506 1557 537; x_wconf 87' lang='lat' dir='ltr'><strong>cu-</strong></span> 
     </span>
     <span class='ocr_line' id='line_1_5' title="bbox 216 553 1556 616; baseline 0 -16"><span class='ocrx_word' id='word_1_27' title='bbox 216 553 396 615; x_wconf 79' lang='lat' dir='ltr'><strong>pientes</strong></span> <span class='ocrx_word' id='word_1_28' title='bbox 425 555 527 613; x_wconf 86' lang='lat' dir='ltr'><strong>jam</strong></span> <span class='ocrx_word' id='word_1_29' title='bbox 560 553 853 616; x_wconf 85' lang='lat' dir='ltr'><strong>requiescere,</strong></span> <span class='ocrx_word' id='word_1_30' title='bbox 889 554 1113 601; x_wconf 79' lang='lat' dir='ltr'><strong>armavit:</strong></span> <span class='ocrx_word' id='word_1_31' title='bbox 1150 568 1252 600; x_wconf 86' lang='lat' dir='ltr'><strong>eam</strong></span> <span class='ocrx_word' id='word_1_32' title='bbox 1291 554 1556 615; x_wconf 84' lang='lat' dir='ltr'><strong>complexus</strong></span> 
     </span>
     <span class='ocr_line' id='line_1_6' title="bbox 217 618 1555 680; baseline 0 -16"><span class='ocrx_word' id='word_1_33' title='bbox 217 625 286 664; x_wconf 72' lang='lat' dir='ltr'><strong>eet</strong></span> <span class='ocrx_word' id='word_1_34' title='bbox 320 632 528 675; x_wconf 80' lang='lat' dir='ltr'><strong>eausam,</strong></span> <span class='ocrx_word' id='word_1_35' title='bbox 565 633 671 680; x_wconf 82' lang='lat' dir='ltr'><strong>quae</strong></span> <span class='ocrx_word' id='word_1_36' title='bbox 705 625 821 664; x_wconf 73' lang='lat' dir='ltr'><strong>esset</strong></span> <span class='ocrx_word' id='word_1_37' title='bbox 850 618 1046 674; x_wconf 84' lang='lat' dir='ltr'><strong>senatui,</strong></span> <span class='ocrx_word' id='word_1_38' title='bbox 1083 633 1189 679; x_wconf 86' lang='lat' dir='ltr'><strong>quae</strong></span> <span class='ocrx_word' id='word_1_39' title='bbox 1223 618 1412 680; x_wconf 86' lang='lat' dir='ltr'><strong>populo,</strong></span> <span class='ocrx_word' id='word_1_40' title='bbox 1449 633 1555 679; x_wconf 79' lang='lat' dir='ltr'><strong>quoe</strong></span> 
     </span>
     <span class='ocr_line' id='line_1_7' title="bbox 217 680 1551 744; baseline 0 -16"><span class='ocrx_word' id='word_1_41' title='bbox 217 690 397 728; x_wconf 81' lang='lat' dir='ltr'><strong>cunctae</strong></span> <span class='ocrx_word' id='word_1_42' title='bbox 420 681 586 739; x_wconf 76' lang='lat' dir='ltr'><strong>Italiae,</strong></span> <span class='ocrx_word' id='word_1_43' title='bbox 608 697 714 744; x_wconf 81' lang='lat' dir='ltr'><strong>quae</strong></span> <span class='ocrx_word' id='word_1_44' title='bbox 743 680 847 728; x_wconf 79' lang='lat' dir='ltr'><strong>Diis</strong></span> <span class='ocrx_word' id='word_1_45' title='bbox 875 681 1248 744; x_wconf 88' lang='lat' dir='ltr'><strong>hominibusque,</strong></span> <span class='ocrx_word' id='word_1_46' title='bbox 1278 681 1551 744; x_wconf 84' lang='lat' dir='ltr'><strong>gratissima.</strong></span> 
     </span>
     <span class='ocr_line' id='line_1_8' title="bbox 215 743 1553 808; baseline 0.001 -18"><span class='ocrx_word' id='word_1_47' title='bbox 215 743 286 790; x_wconf 87' lang='lat' dir='ltr'><strong>Et</strong></span> <span class='ocrx_word' id='word_1_48' title='bbox 330 744 583 807; x_wconf 81' lang='lat' dir='ltr'><strong>Pompeius</strong></span> <span class='ocrx_word' id='word_1_49' title='bbox 620 744 680 791; x_wconf 84' lang='lat' dir='ltr'><strong>ad</strong></span> <span class='ocrx_word' id='word_1_50' title='bbox 715 745 773 791; x_wconf 80' lang='lat' dir='ltr'><strong>L.</strong></span> <span class='ocrx_word' id='word_1_51' title='bbox 814 745 959 793; x_wconf 79' lang='lat' dir='ltr'><strong>Sullae</strong></span> <span class='ocrx_word' id='word_1_52' title='bbox 995 745 1255 792; x_wconf 84' lang='lat' dir='ltr'><strong>maximum</strong></span> <span class='ocrx_word' id='word_1_53' title='bbox 1286 745 1553 808; x_wconf 81' lang='lat' dir='ltr'><strong>imperium,</strong></span> 
     </span>
     <span class='ocr_line' id='line_1_9' title="bbox 217 808 1556 871; baseline 0.001 -17"><span class='ocrx_word' id='word_1_54' title='bbox 217 808 530 871; x_wconf 84' lang='lat' dir='ltr'><strong>victoremque</strong></span> <span class='ocrx_word' id='word_1_55' title='bbox 550 809 817 866; x_wconf 82' lang='lat' dir='ltr'><strong>exercitum,</strong></span> <span class='ocrx_word' id='word_1_56' title='bbox 841 808 1056 856; x_wconf 76' lang='lat' dir='ltr'><strong>accessit:</strong></span> <span class='ocrx_word' id='word_1_57' title='bbox 1087 809 1242 856; x_wconf 84' lang='lat' dir='ltr'><strong>Caesar</strong></span> <span class='ocrx_word' id='word_1_58' title='bbox 1257 825 1305 856; x_wconf 82' lang='lat' dir='ltr'><strong>se</strong></span> <span class='ocrx_word' id='word_1_59' title='bbox 1326 809 1386 857; x_wconf 87' lang='lat' dir='ltr'><strong>ad</strong></span> <span class='ocrx_word' id='word_1_60' title='bbox 1408 809 1556 856; x_wconf 87' lang='lat' dir='ltr'><strong>nemi-</strong></span> 
     </span>
     <span class='ocr_line' id='line_1_10' title="bbox 213 872 1555 935; baseline 0.001 -17"><span class='ocrx_word' id='word_1_61' title='bbox 213 886 327 919; x_wconf 88' lang='lat' dir='ltr'><strong>nem</strong></span> <span class='ocrx_word' id='word_1_62' title='bbox 362 872 575 932; x_wconf 78' lang='lat' dir='ltr'><strong>adjunxit</strong></span> <span class='ocrx_word' id='word_1_63' title='bbox 589 890 603 919; x_wconf 71' lang='grc' dir='ltr'>ε</span> <span class='ocrx_word' id='word_1_64' title='bbox 637 873 735 935; x_wconf 82' lang='lat' dir='ltr'><strong>ipse</strong></span> <span class='ocrx_word' id='word_1_65' title='bbox 769 873 979 935; x_wconf 78' lang='lat' dir='ltr'><strong>princeps</strong></span> <span class='ocrx_word' id='word_1_66' title='bbox 1012 874 1234 920; x_wconf 66' lang='lat' dir='ltr'><strong>exercitus</strong></span> <span class='ocrx_word' id='word_1_67' title='bbox 1275 873 1472 920; x_wconf 87' lang='lat' dir='ltr'><strong>faciendi</strong></span> <span class='ocrx_word' id='word_1_68' title='bbox 1509 881 1555 920; x_wconf 87' lang='lat' dir='ltr'><strong>et</strong></span> 
     </span>
     <span class='ocr_line' id='line_1_11' title="bbox 219 936 1558 999; baseline 0.001 -16"><span class='ocrx_word' id='word_1_69' title='bbox 219 936 424 998; x_wconf 68' lang='lat' dir='ltr'><strong>preasidii</strong></span> <span class='ocrx_word' id='word_1_70' title='bbox 436 937 730 999; x_wconf 85' lang='lat' dir='ltr'><strong>comparandi</strong></span> <span class='ocrx_word' id='word_1_71' title='bbox 749 936 855 983; x_wconf 87' lang='lat' dir='ltr'><strong>fuit.</strong></span> <span class='ocrx_word' id='word_1_72' title='bbox 891 936 1061 995; x_wconf 79' lang='lat' dir='ltr'><strong>Ille‚in</strong></span> <span class='ocrx_word' id='word_1_73' title='bbox 1075 936 1433 984; x_wconf 81' lang='lat' dir='ltr'><strong>adversariorum</strong></span> <span class='ocrx_word' id='word_1_74' title='bbox 1451 953 1558 999; x_wconf 79' lang='lat' dir='ltr'><strong>par-</strong></span> 
     </span>
     <span class='ocr_line' id='line_1_12' title="bbox 214 1000 1555 1062; baseline 0.001 -16"><span class='ocrx_word' id='word_1_75' title='bbox 214 1000 359 1058; x_wconf 80' lang='lat' dir='ltr'><strong>tibus,</strong></span> <span class='ocrx_word' id='word_1_76' title='bbox 381 1015 547 1062; x_wconf 80' lang='lat' dir='ltr'><strong>agrum</strong></span> <span class='ocrx_word' id='word_1_77' title='bbox 565 1001 787 1048; x_wconf 83' lang='lat' dir='ltr'><strong>Picenum</strong></span> <span class='ocrx_word' id='word_1_78' title='bbox 800 1000 964 1047; x_wconf 87' lang='lat' dir='ltr'><strong>habuit</strong></span> <span class='ocrx_word' id='word_1_79' title='bbox 985 1000 1216 1047; x_wconf 75' lang='lat' dir='ltr'><strong>amicumz</strong></span> <span class='ocrx_word' id='word_1_80' title='bbox 1252 1001 1344 1058; x_wconf 85' lang='lat' dir='ltr'><strong>hic,</strong></span> <span class='ocrx_word' id='word_1_81' title='bbox 1368 1015 1428 1047; x_wconf 85' lang='lat' dir='ltr'><strong>ex</strong></span> <span class='ocrx_word' id='word_1_82' title='bbox 1449 1001 1555 1047; x_wconf 87' lang='lat' dir='ltr'><strong>An-</strong></span> 
     </span>
     <span class='ocr_line' id='line_1_13' title="bbox 215 1063 1555 1123; baseline 0.001 -13"><span class='ocrx_word' id='word_1_83' title='bbox 215 1063 336 1110; x_wconf 85' lang='lat' dir='ltr'><strong>tonii</strong></span> <span class='ocrx_word' id='word_1_84' title='bbox 368 1064 543 1121; x_wconf 85' lang='lat' dir='ltr'><strong>amicis,</strong></span> <span class='ocrx_word' id='word_1_85' title='bbox 566 1064 645 1112; x_wconf 76' lang='lat' dir='ltr'><strong>sed</strong></span> <span class='ocrx_word' id='word_1_86' title='bbox 673 1064 964 1112; x_wconf 78' lang='lat' dir='ltr'><strong>amicioribus</strong></span> <span class='ocrx_word' id='word_1_87' title='bbox 983 1064 1200 1123; x_wconf 73' lang='lat' dir='ltr'><strong>libertati,</strong></span> <span class='ocrx_word' id='word_1_88' title='bbox 1223 1073 1382 1112; x_wconf 85' lang='lat' dir='ltr'><strong>contra</strong></span> <span class='ocrx_word' id='word_1_89' title='bbox 1399 1064 1555 1112; x_wconf 82' lang='lat' dir='ltr'><strong>Anto-</strong></span> 
     </span>
     <span class='ocr_line' id='line_1_14' title="bbox 213 1126 1557 1191; baseline 0.001 -17"><span class='ocrx_word' id='word_1_90' title='bbox 213 1126 352 1174; x_wconf 83' lang='lat' dir='ltr'><strong>nium</strong></span> <span class='ocrx_word' id='word_1_91' title='bbox 372 1127 565 1175; x_wconf 72' lang='lat' dir='ltr'><strong>confecit</strong></span> <span class='ocrx_word' id='word_1_92' title='bbox 586 1127 852 1175; x_wconf 81' lang='lat' dir='ltr'><strong>exercitum.</strong></span> <span class='ocrx_word' id='word_1_93' title='bbox 887 1128 1024 1183; x_wconf 82' lang='lat' dir='ltr'><strong>Illius</strong></span> <span class='ocrx_word' id='word_1_94' title='bbox 1049 1129 1214 1191; x_wconf 86' lang='lat' dir='ltr'><strong>opibus</strong></span> <span class='ocrx_word' id='word_1_95' title='bbox 1241 1129 1374 1177; x_wconf 87' lang='lat' dir='ltr'><strong>Sulla</strong></span> <span class='ocrx_word' id='word_1_96' title='bbox 1394 1142 1557 1190; x_wconf 84' lang='lat' dir='ltr'><strong>regna-</strong></span> 
     </span>
     <span class='ocr_line' id='line_1_15' title="bbox 212 1191 1556 1255; baseline 0.001 -17"><span class='ocrx_word' id='word_1_97' title='bbox 212 1191 313 1240; x_wconf 79' lang='lat' dir='ltr'><strong>vit=</strong></span> <span class='ocrx_word' id='word_1_98' title='bbox 358 1191 501 1252; x_wconf 73' lang='lat' dir='ltr'><strong>hujus</strong></span> <span class='ocrx_word' id='word_1_99' title='bbox 533 1191 747 1254; x_wconf 62' lang='lat' dir='ltr'><strong>‚prasidio</strong></span> <span class='ocrx_word' id='word_1_100' title='bbox 782 1192 982 1244; x_wconf 78' lang='lat' dir='ltr'><strong>Antonii</strong></span> <span class='ocrx_word' id='word_1_101' title='bbox 1017 1192 1280 1239; x_wconf 79' lang='lat' dir='ltr'><strong>dominatus</strong></span> <span class='ocrx_word' id='word_1_102' title='bbox 1316 1208 1556 1255; x_wconf 76' lang='lat' dir='ltr'><strong>oppressus</strong></span> 
     </span>
     <span class='ocr_line' id='line_1_16' title="bbox 212 1254 1555 1318; baseline 0.001 -16"><span class='ocrx_word' id='word_1_103' title='bbox 212 1263 299 1302; x_wconf 77' lang='lat' dir='ltr'><strong>est.</strong></span> <span class='ocrx_word' id='word_1_104' title='bbox 334 1254 518 1306; x_wconf 80' lang='lat' dir='ltr'><strong>Demus</strong></span> <span class='ocrx_word' id='word_1_105' title='bbox 554 1256 696 1317; x_wconf 81' lang='lat' dir='ltr'><strong>igitur</strong></span> <span class='ocrx_word' id='word_1_106' title='bbox 728 1256 978 1318; x_wconf 86' lang='lat' dir='ltr'><strong>imperium</strong></span> <span class='ocrx_word' id='word_1_107' title='bbox 999 1256 1198 1312; x_wconf 73' lang='lat' dir='ltr'><strong>Gaesari3</strong></span> <span class='ocrx_word' id='word_1_108' title='bbox 1233 1257 1330 1304; x_wconf 82' lang='lat' dir='ltr'><strong>sine</strong></span> <span class='ocrx_word' id='word_1_109' title='bbox 1364 1271 1458 1318; x_wconf 90' lang='lat' dir='ltr'><strong>quo</strong></span> <span class='ocrx_word' id='word_1_110' title='bbox 1484 1272 1555 1304; x_wconf 76' lang='lat' dir='ltr'><strong>res</strong></span> 
     </span>
     <span class='ocr_line' id='line_1_17' title="bbox 212 1318 1555 1384; baseline 0.001 -19"><span class='ocrx_word' id='word_1_111' title='bbox 212 1318 428 1366; x_wconf 75' lang='lat' dir='ltr'><strong>militaris</strong></span> <span class='ocrx_word' id='word_1_112' title='bbox 447 1319 775 1378; x_wconf 73' lang='lat' dir='ltr'><strong>administrari,</strong></span> <span class='ocrx_word' id='word_1_113' title='bbox 803 1319 1211 1384; x_wconf 74' lang='lat' dir='ltr'><strong>teneri&#39;exercitus,</strong></span> <span class='ocrx_word' id='word_1_114' title='bbox 1243 1321 1419 1368; x_wconf 90' lang='lat' dir='ltr'><strong>bellum</strong></span> <span class='ocrx_word' id='word_1_115' title='bbox 1440 1321 1555 1382; x_wconf 85' lang='lat' dir='ltr'><strong>geri,</strong></span> 
     </span>
     <span class='ocr_line' id='line_1_18' title="bbox 215 1383 1553 1447; baseline 0.001 -17"><span class='ocrx_word' id='word_1_116' title='bbox 215 1397 312 1430; x_wconf 89' lang='lat' dir='ltr'><strong>non</strong></span> <span class='ocrx_word' id='word_1_117' title='bbox 333 1391 497 1446; x_wconf 75' lang='lat' dir='ltr'><strong>potest.</strong></span> <span class='ocrx_word' id='word_1_118' title='bbox 531 1383 603 1431; x_wconf 92' lang='lat' dir='ltr'><strong>Sit</strong></span> <span class='ocrx_word' id='word_1_119' title='bbox 619 1399 707 1446; x_wconf 89' lang='lat' dir='ltr'><strong>pro</strong></span> <span class='ocrx_word' id='word_1_120' title='bbox 722 1392 916 1446; x_wconf 72' lang='lat' dir='ltr'><strong>praetore</strong></span> <span class='ocrx_word' id='word_1_121' title='bbox 932 1398 985 1430; x_wconf 90' lang='lat' dir='ltr'><strong>eo</strong></span> <span class='ocrx_word' id='word_1_122' title='bbox 1001 1384 1122 1443; x_wconf 89' lang='lat' dir='ltr'><strong>jure,</strong></span> <span class='ocrx_word' id='word_1_123' title='bbox 1140 1399 1234 1446; x_wconf 92' lang='lat' dir='ltr'><strong>quo</strong></span> <span class='ocrx_word' id='word_1_124' title='bbox 1249 1384 1331 1447; x_wconf 87' lang='lat' dir='ltr'><strong>qui</strong></span> <span class='ocrx_word' id='word_1_125' title='bbox 1351 1385 1553 1447; x_wconf 70' lang='lat' dir='ltr'><strong>optimos</strong></span> 
     </span>
     <span class='ocr_line' id='line_1_19' title="bbox 215 1447 1557 1510; baseline 0.001 -16"><span class='ocrx_word' id='word_1_126' title='bbox 215 1447 301 1510; x_wconf 88' lang='lat' dir='ltr'><strong>qui</strong></span> <span class='ocrx_word' id='word_1_127' title='bbox 321 1447 485 1505; x_wconf 74' lang='lat' dir='ltr'><strong>honos,</strong></span> <span class='ocrx_word' id='word_1_128' title='bbox 512 1463 797 1510; x_wconf 85' lang='lat' dir='ltr'><strong>quamquam</strong></span> <span class='ocrx_word' id='word_1_129' title='bbox 832 1455 901 1494; x_wconf 79' lang='lat' dir='ltr'><strong>est</strong></span> <span class='ocrx_word' id='word_1_130' title='bbox 927 1461 1125 1509; x_wconf 85' lang='lat' dir='ltr'><strong>magnus</strong></span> <span class='ocrx_word' id='word_1_131' title='bbox 1146 1447 1215 1495; x_wconf 87' lang='lat' dir='ltr'><strong>illi</strong></span> <span class='ocrx_word' id='word_1_132' title='bbox 1236 1448 1377 1507; x_wconf 82' lang='lat' dir='ltr'><strong>aetati,</strong></span> <span class='ocrx_word' id='word_1_133' title='bbox 1400 1457 1557 1496; x_wconf 87' lang='lat' dir='ltr'><strong>tamen</strong></span> 
     </span>
     <span class='ocr_line' id='line_1_20' title="bbox 213 1512 1557 1574; baseline 0.001 -15"><span class='ocrx_word' id='word_1_134' title='bbox 213 1512 279 1559; x_wconf 81' lang='lat' dir='ltr'><strong>ad</strong></span> <span class='ocrx_word' id='word_1_135' title='bbox 311 1512 625 1562; x_wconf 57' lang='lat' dir='ltr'><strong>netueeaitatem</strong></span> <span class='ocrx_word' id='word_1_136' title='bbox 658 1527 813 1560; x_wconf 83' lang='lat' dir='ltr'><strong>rerum</strong></span> <span class='ocrx_word' id='word_1_137' title='bbox 841 1512 1162 1574; x_wconf 82' lang='lat' dir='ltr'><strong>gerendarum,</strong></span> <span class='ocrx_word' id='word_1_138' title='bbox 1189 1528 1283 1561; x_wconf 88' lang='lat' dir='ltr'><strong>non</strong></span> <span class='ocrx_word' id='word_1_139' title='bbox 1315 1514 1466 1562; x_wconf 77' lang='lat' dir='ltr'><strong>solum</strong></span> <span class='ocrx_word' id='word_1_140' title='bbox 1495 1513 1557 1561; x_wconf 89' lang='lat' dir='ltr'><strong>ad</strong></span> 
     </span>
     <span class='ocr_line' id='line_1_21' title="bbox 211 1576 1554 1642; baseline 0.002 -18"><span class='ocrx_word' id='word_1_141' title='bbox 211 1576 509 1639; x_wconf 76' lang='lat' dir='ltr'><strong>dignitatem,</strong></span> <span class='ocrx_word' id='word_1_142' title='bbox 532 1577 673 1624; x_wconf 60' lang='lat' dir='ltr'><strong>valet.</strong></span> <span class='ocrx_word' id='word_1_143' title='bbox 709 1578 875 1639; x_wconf 80' lang='lat' dir='ltr'><strong>Itaque</strong></span> <span class='ocrx_word' id='word_1_144' title='bbox 907 1576 991 1623; x_wconf 80' lang='lat' dir='ltr'><strong>illa</strong></span> <span class='ocrx_word' id='word_1_145' title='bbox 1024 1592 1302 1639; x_wconf 59' lang='lat' dir='ltr'><strong>quaeramus,</strong></span> <span class='ocrx_word' id='word_1_146' title='bbox 1333 1594 1437 1642; x_wconf 79' lang='lat' dir='ltr'><strong>quae</strong></span> <span class='ocrx_word' id='word_1_147' title='bbox 1474 1578 1554 1627; x_wconf 82' lang='lat' dir='ltr'><strong>vix</strong></span> 
     </span>
     <span class='ocr_line' id='line_1_22' title="bbox 213 1640 900 1703; baseline -0.003 -14"><span class='ocrx_word' id='word_1_148' title='bbox 213 1640 442 1689; x_wconf 75' lang='lat' dir='ltr'><strong>hodierno</strong></span> <span class='ocrx_word' id='word_1_149' title='bbox 461 1641 537 1688; x_wconf 90' lang='lat' dir='ltr'><strong>die</strong></span> <span class='ocrx_word' id='word_1_150' title='bbox 556 1655 900 1703; x_wconf 76' lang='lat' dir='ltr'><strong>consequemur.</strong></span> 
     </span>
     <span class='ocr_line' id='line_1_23' title="bbox 284 1704 1565 1767; baseline 0.002 -15"><span class='ocrx_word' id='word_1_151' title='bbox 284 1705 460 1753; x_wconf 88' lang='lat' dir='ltr'><strong>XVII.</strong></span> <span class='ocrx_word' id='word_1_152' title='bbox 494 1705 587 1753; x_wconf 87' lang='lat' dir='ltr'><strong>Sed</strong></span> <span class='ocrx_word' id='word_1_153' title='bbox 621 1720 741 1767; x_wconf 79' lang='lat' dir='ltr'><strong>saepe</strong></span> <span class='ocrx_word' id='word_1_154' title='bbox 778 1720 911 1767; x_wconf 82' lang='lat' dir='ltr'><strong>spero</strong></span> <span class='ocrx_word' id='word_1_155' title='bbox 939 1704 1054 1764; x_wconf 83' lang='lat' dir='ltr'><strong>fore,</strong></span> <span class='ocrx_word' id='word_1_156' title='bbox 1088 1705 1228 1766; x_wconf 83' lang='lat' dir='ltr'><strong>hujus</strong></span> <span class='ocrx_word' id='word_1_157' title='bbox 1262 1706 1565 1754; x_wconf 78' lang='lat' dir='ltr'><strong>adolescentia.</strong></span> 
     </span>
     <span class='ocr_line' id='line_1_24' title="bbox 215 1768 1558 1833; baseline 0 -17"><span class='ocrx_word' id='word_1_158' title='bbox 215 1770 415 1817; x_wconf 71' lang='lat' dir='ltr'><strong>oniandi</strong></span> <span class='ocrx_word' id='word_1_159' title='bbox 442 1769 804 1831; x_wconf 78' lang='lat' dir='ltr'><strong>honor-audique,</strong></span> <span class='ocrx_word' id='word_1_160' title='bbox 836 1777 882 1815; x_wconf 89' lang='lat' dir='ltr'><strong>et</strong></span> <span class='ocrx_word' id='word_1_161' title='bbox 907 1768 1040 1816; x_wconf 82' lang='lat' dir='ltr'><strong>nobis</strong></span> <span class='ocrx_word' id='word_1_162' title='bbox 1069 1778 1115 1816; x_wconf 89' lang='lat' dir='ltr'><strong>et</strong></span> <span class='ocrx_word' id='word_1_163' title='bbox 1141 1772 1314 1833; x_wconf 85' lang='lat' dir='ltr'><strong>populo</strong></span> <span class='ocrx_word' id='word_1_164' title='bbox 1342 1771 1558 1817; x_wconf 85' lang='lat' dir='ltr'><strong>Romano</strong></span> 
     </span>
     <span class='ocr_line' id='line_1_25' title="bbox 398 1833 1558 1882; baseline -0.001 -1"><span class='ocrx_word' id='word_1_165' title='bbox 398 1841 491 1881; x_wconf 88' lang='lat' dir='ltr'><strong>tem</strong></span> <span class='ocrx_word' id='word_1_166' title='bbox 507 1850 521 1879; x_wconf 75' lang='lat' dir='ltr'>z</span> <span class='ocrx_word' id='word_1_167' title='bbox 557 1833 643 1881; x_wconf 91' lang='lat' dir='ltr'><strong>hoc</strong></span> <span class='ocrx_word' id='word_1_168' title='bbox 658 1841 814 1879; x_wconf 88' lang='lat' dir='ltr'><strong>autem</strong></span> <span class='ocrx_word' id='word_1_169' title='bbox 829 1839 923 1879; x_wconf 88' lang='lat' dir='ltr'><strong>tem</strong></span> <span class='ocrx_word' id='word_1_170' title='bbox 985 1847 1034 1878; x_wconf 87' lang='lat' dir='ltr'><strong>re</strong></span> <span class='ocrx_word' id='word_1_171' title='bbox 1054 1833 1119 1880; x_wconf 84' lang='lat' dir='ltr'><strong>ita</strong></span> <span class='ocrx_word' id='word_1_172' title='bbox 1134 1849 1293 1882; x_wconf 83' lang='lat' dir='ltr'><strong>censeo</strong></span> <span class='ocrx_word' id='word_1_173' title='bbox 1313 1834 1558 1881; x_wconf 88' lang='lat' dir='ltr'><strong>decernen-</strong></span> 
     </span>
     <span class='ocr_line' id='line_1_26' title="bbox 218 1896 1557 1962; baseline 0.001 -19"><span class='ocrx_word' id='word_1_174' title='bbox 218 1897 340 1944; x_wconf 85' lang='lat' dir='ltr'><strong>dum</strong></span> <span class='ocrx_word' id='word_1_175' title='bbox 357 1914 371 1943; x_wconf 72' lang='grc' dir='ltr'><strong>ε</strong></span> <span class='ocrx_word' id='word_1_176' title='bbox 408 1900 444 1926; x_wconf 88' lang='grc'>“</span> <span class='ocrx_word' id='word_1_177' title='bbox 462 1896 605 1955; x_wconf 86' lang='lat' dir='ltr'><strong>Quod</strong></span> <span class='ocrx_word' id='word_1_178' title='bbox 630 1898 685 1945; x_wconf 86' lang='lat' dir='ltr'><strong>C.</strong></span> <span class='ocrx_word' id='word_1_179' title='bbox 710 1898 881 1955; x_wconf 80' lang='lat' dir='ltr'><strong>Caesar,</strong></span> <span class='ocrx_word' id='word_1_180' title='bbox 957 1896 1019 1944; x_wconf 81' lang='lat' dir='ltr'><strong>aii</strong></span> <span class='ocrx_word' id='word_1_181' title='bbox 1047 1897 1186 1958; x_wconf 79' lang='lat' dir='ltr'><strong>filius,</strong></span> <span class='ocrx_word' id='word_1_182' title='bbox 1216 1898 1440 1962; x_wconf 83' lang='lat' dir='ltr'><strong>pontifex,</strong></span> <span class='ocrx_word' id='word_1_183' title='bbox 1471 1911 1557 1960; x_wconf 89' lang='lat' dir='ltr'><strong>pro</strong></span> 
     </span>
     <span class='ocr_line' id='line_1_27' title="bbox 219 1960 1560 2025; baseline 0 -17"><span class='ocrx_word' id='word_1_184' title='bbox 219 1969 439 2024; x_wconf 58' lang='lat' dir='ltr'><strong>patore,</strong></span> <span class='ocrx_word' id='word_1_185' title='bbox 482 1976 666 2008; x_wconf 76' lang='lat' dir='ltr'><strong>summo</strong></span> <span class='ocrx_word' id='word_1_186' title='bbox 699 1960 962 2023; x_wconf 84' lang='lat' dir='ltr'><strong>reipublicae</strong></span> <span class='ocrx_word' id='word_1_187' title='bbox 999 1969 1203 2025; x_wconf 90' lang='lat' dir='ltr'><strong>tempore</strong></span> <span class='ocrx_word' id='word_1_188' title='bbox 1239 1962 1409 2009; x_wconf 81' lang='lat' dir='ltr'><strong>milites</strong></span> <span class='ocrx_word' id='word_1_189' title='bbox 1438 1969 1560 2014; x_wconf 48' lang='lat' dir='ltr'><strong>vete?</strong></span> 
     </span>
     <span class='ocr_line' id='line_1_28' title="bbox 215 2023 1560 2088; baseline -0.001 -16"><span class='ocrx_word' id='word_1_190' title='bbox 215 2039 359 2072; x_wconf 75' lang='lat' dir='ltr'><strong>tanos</strong></span> <span class='ocrx_word' id='word_1_191' title='bbox 382 2025 443 2071; x_wconf 86' lang='lat' dir='ltr'><strong>ad</strong></span> <span class='ocrx_word' id='word_1_192' title='bbox 475 2023 729 2072; x_wconf 84' lang='lat' dir='ltr'><strong>libertatem</strong></span> <span class='ocrx_word' id='word_1_193' title='bbox 763 2026 924 2088; x_wconf 85' lang='lat' dir='ltr'><strong>populi</strong></span> <span class='ocrx_word' id='word_1_194' title='bbox 955 2026 1158 2073; x_wconf 85' lang='lat' dir='ltr'><strong>Romani</strong></span> <span class='ocrx_word' id='word_1_195' title='bbox 1192 2026 1450 2072; x_wconf 80' lang='lat' dir='ltr'><strong>cohortatus</strong></span> <span class='ocrx_word' id='word_1_196' title='bbox 1483 2025 1560 2080; x_wconf 82' lang='lat' dir='ltr'><strong>sit,</strong></span> 
     </span>
     <span class='ocr_line' id='line_1_29' title="bbox 217 2088 1561 2152; baseline -0.004 -15"><span class='ocrx_word' id='word_1_197' title='bbox 217 2104 393 2152; x_wconf 75' lang='lat' dir='ltr'><strong>eosque</strong></span> <span class='ocrx_word' id='word_1_198' title='bbox 412 2088 752 2150; x_wconf 54' lang='lat' dir='ltr'><strong>conscripserim</strong></span> <span class='ocrx_word' id='word_1_199' title='bbox 785 2088 1003 2151; x_wconf 87' lang='lat' dir='ltr'><strong>quodque</strong></span> <span class='ocrx_word' id='word_1_200' title='bbox 1030 2090 1150 2150; x_wconf 79' lang='lat' dir='ltr'><strong>legio</strong></span> <span class='ocrx_word' id='word_1_201' title='bbox 1172 2088 1348 2135; x_wconf 86' lang='lat' dir='ltr'><strong>Martia</strong></span> <span class='ocrx_word' id='word_1_202' title='bbox 1375 2095 1561 2148; x_wconf 83' lang='lat' dir='ltr'><strong>quarta-</strong></span> 
     </span>
     <span class='ocr_line' id='line_1_30' title="bbox 218 2150 1563 2216; baseline -0.001 -17"><span class='ocrx_word' id='word_1_203' title='bbox 218 2168 334 2216; x_wconf 78' lang='lat' dir='ltr'><strong>que,</strong></span> <span class='ocrx_word' id='word_1_204' title='bbox 359 2166 546 2199; x_wconf 82' lang='lat' dir='ltr'><strong>summo</strong></span> <span class='ocrx_word' id='word_1_205' title='bbox 566 2151 733 2210; x_wconf 80' lang='lat' dir='ltr'><strong>studio,</strong></span> <span class='ocrx_word' id='word_1_206' title='bbox 749 2152 1017 2215; x_wconf 89' lang='lat' dir='ltr'><strong>optimoque</strong></span> <span class='ocrx_word' id='word_1_207' title='bbox 1032 2152 1082 2197; x_wconf 91' lang='lat' dir='ltr'><strong>in</strong></span> <span class='ocrx_word' id='word_1_208' title='bbox 1103 2150 1434 2211; x_wconf 78' lang='lat' dir='ltr'><strong>rempublicam</strong></span> <span class='ocrx_word' id='word_1_209' title='bbox 1453 2163 1563 2198; x_wconf 63' lang='lat' dir='ltr'><strong>con-</strong></span> 
     </span>
     <span class='ocr_line' id='line_1_31' title="bbox 218 2210 1563 2275; baseline -0.006 -11"><span class='ocrx_word' id='word_1_210' title='bbox 218 2232 382 2275; x_wconf 78' lang='lat' dir='ltr'><strong>sensu,</strong></span> <span class='ocrx_word' id='word_1_211' title='bbox 414 2217 472 2263; x_wconf 89' lang='lat' dir='ltr'><strong>C.</strong></span> <span class='ocrx_word' id='word_1_212' title='bbox 493 2215 673 2263; x_wconf 80' lang='lat' dir='ltr'><strong>Caesare</strong></span> <span class='ocrx_word' id='word_1_213' title='bbox 691 2215 807 2263; x_wconf 89' lang='lat' dir='ltr'><strong>duce</strong></span> <span class='ocrx_word' id='word_1_214' title='bbox 828 2224 873 2263; x_wconf 87' lang='lat' dir='ltr'><strong>et</strong></span> <span class='ocrx_word' id='word_1_215' title='bbox 900 2223 1100 2271; x_wconf 83' lang='lat' dir='ltr'><strong>auctore,</strong></span> <span class='ocrx_word' id='word_1_216' title='bbox 1122 2212 1471 2273; x_wconf 80' lang='lat' dir='ltr'><strong>rempublicam,</strong></span> <span class='ocrx_word' id='word_1_217' title='bbox 1505 2210 1563 2256; x_wconf 92' lang='lat' dir='ltr'><strong>li-</strong></span> 
     </span>
     <span class='ocr_line' id='line_1_32' title="bbox 217 2273 1559 2343; baseline -0.01 -11"><span class='ocrx_word' id='word_1_218' title='bbox 217 2284 453 2334; x_wconf 74' lang='lat' dir='ltr'><strong>bertatem</strong></span> <span class='ocrx_word' id='word_1_219' title='bbox 483 2280 643 2343; x_wconf 91' lang='lat' dir='ltr'><strong>populi</strong></span> <span class='ocrx_word' id='word_1_220' title='bbox 675 2279 896 2337; x_wconf 86' lang='lat' dir='ltr'><strong>Romani,</strong></span> <span class='ocrx_word' id='word_1_221' title='bbox 937 2276 1199 2332; x_wconf 79' lang='lat' dir='ltr'><strong>defendant,</strong></span> <span class='ocrx_word' id='word_1_222' title='bbox 1234 2273 1519 2322; x_wconf 85' lang='lat' dir='ltr'><strong>defenderint</strong></span> <span class='ocrx_word' id='word_1_223' title='bbox 1542 2290 1559 2329; x_wconf 72' lang='grc' dir='ltr'><strong>ς</strong></span> 
     </span>
     <span class='ocr_line' id='line_1_33' title="bbox 221 2336 1562 2413; baseline -0.009 -19"><span class='ocrx_word' id='word_1_224' title='bbox 221 2355 273 2394; x_wconf 76' lang='lat' dir='ltr'><strong>et</strong></span> <span class='ocrx_word' id='word_1_225' title='bbox 306 2344 435 2408; x_wconf 87' lang='lat' dir='ltr'><strong>quod</strong></span> <span class='ocrx_word' id='word_1_226' title='bbox 474 2344 529 2392; x_wconf 91' lang='lat' dir='ltr'><strong>C.</strong></span> <span class='ocrx_word' id='word_1_227' title='bbox 561 2345 730 2402; x_wconf 65' lang='lat' dir='ltr'><strong>Caesar,</strong></span> <span class='ocrx_word' id='word_1_228' title='bbox 762 2359 845 2406; x_wconf 88' lang='lat' dir='ltr'><strong>pro</strong></span> <span class='ocrx_word' id='word_1_229' title='bbox 878 2349 1105 2413; x_wconf 46' lang='lat' dir='ltr'><strong>praetore,·</strong></span> <span class='ocrx_word' id='word_1_230' title='bbox 1121 2338 1300 2412; x_wconf 44' lang='lat' dir='ltr'><strong>Galliae&#39;</strong></span> <span class='ocrx_word' id='word_1_231' title='bbox 1320 2336 1562 2412; x_wconf 71' lang='lat' dir='ltr'><strong>provinciae</strong></span> 
     </span>
     <span class='ocr_line' id='line_1_34' title="bbox 220 2404 1562 2469; baseline -0.008 -10"><span class='ocrx_word' id='word_1_232' title='bbox 220 2425 336 2459; x_wconf 78' lang='lat' dir='ltr'><strong>cum</strong></span> <span class='ocrx_word' id='word_1_233' title='bbox 358 2408 560 2457; x_wconf 84' lang='lat' dir='ltr'><strong>exercitu</strong></span> <span class='ocrx_word' id='word_1_234' title='bbox 586 2408 788 2456; x_wconf 82' lang='lat' dir='ltr'><strong>subsidio</strong></span> <span class='ocrx_word' id='word_1_235' title='bbox 812 2404 1042 2469; x_wconf 84' lang='lat' dir='ltr'><strong>profectus</strong></span> <span class='ocrx_word' id='word_1_236' title='bbox 1071 2410 1160 2459; x_wconf 71' lang='lat' dir='ltr'><strong>srt3</strong></span> <span class='ocrx_word' id='word_1_237' title='bbox 1198 2410 1388 2465; x_wconf 75' lang='lat' dir='ltr'><strong>equites,</strong></span> <span class='ocrx_word' id='word_1_238' title='bbox 1424 2411 1562 2464; x_wconf 78' lang='lat' dir='ltr'><strong>sagit-</strong></span> 
     </span>
     <span class='ocr_line' id='line_1_35' title="bbox 220 2466 1562 2535; baseline -0.007 -14"><span class='ocrx_word' id='word_1_239' title='bbox 220 2475 385 2532; x_wconf 71' lang='lat' dir='ltr'><strong>tarios,</strong></span> <span class='ocrx_word' id='word_1_240' title='bbox 403 2473 684 2535; x_wconf 79' lang='lat' dir='ltr'><strong>elephantos,</strong></span> <span class='ocrx_word' id='word_1_241' title='bbox 699 2473 748 2518; x_wconf 88' lang='lat' dir='ltr'><strong>in</strong></span> <span class='ocrx_word' id='word_1_242' title='bbox 767 2486 900 2517; x_wconf 85' lang='lat' dir='ltr'><strong>suam</strong></span> <span class='ocrx_word' id='word_1_243' title='bbox 915 2467 1168 2532; x_wconf 81' lang='lat' dir='ltr'><strong>populique</strong></span> <span class='ocrx_word' id='word_1_244' title='bbox 1190 2466 1392 2513; x_wconf 86' lang='lat' dir='ltr'><strong>Romani</strong></span> <span class='ocrx_word' id='word_1_245' title='bbox 1411 2475 1562 2528; x_wconf 62' lang='lat' dir='ltr'><strong>potes-‚-</strong></span> 
     </span>
     <span class='ocr_line' id='line_1_36' title="bbox 221 2530 1563 2599; baseline -0.007 -14"><span class='ocrx_word' id='word_1_246' title='bbox 221 2546 375 2586; x_wconf 81' lang='lat' dir='ltr'><strong>tatem</strong></span> <span class='ocrx_word' id='word_1_247' title='bbox 395 2536 633 2599; x_wconf 83' lang='lat' dir='ltr'><strong>redegerit,</strong></span> <span class='ocrx_word' id='word_1_248' title='bbox 663 2534 1025 2593; x_wconf 88' lang='lat' dir='ltr'><strong>difficillimoque</strong></span> <span class='ocrx_word' id='word_1_249' title='bbox 1052 2530 1312 2593; x_wconf 86' lang='lat' dir='ltr'><strong>reipublicae</strong></span> <span class='ocrx_word' id='word_1_250' title='bbox 1342 2538 1563 2591; x_wconf 84' lang='lat' dir='ltr'><strong>tempore,</strong></span> 
     </span>
     <span class='ocr_line' id='line_1_37' title="bbox 225 2592 1570 2662; baseline -0.004 -19"><span class='ocrx_word' id='word_1_251' title='bbox 225 2601 375 2651; x_wconf 53' lang='lat' dir='ltr'><strong>‘alud</strong></span> <span class='ocrx_word' id='word_1_252' title='bbox 419 2600 723 2662; x_wconf 78' lang='lat' dir='ltr'><strong>dignitatique</strong></span> <span class='ocrx_word' id='word_1_253' title='bbox 751 2596 913 2660; x_wconf 85' lang='lat' dir='ltr'><strong>populi</strong></span> <span class='ocrx_word' id='word_1_254' title='bbox 945 2593 1147 2641; x_wconf 86' lang='lat' dir='ltr'><strong>Romani</strong></span> <span class='ocrx_word' id='word_1_255' title='bbox 1185 2592 1471 2646; x_wconf 78' lang='lat' dir='ltr'><strong>subvenerit3</strong></span> <span class='ocrx_word' id='word_1_256' title='bbox 1510 2593 1570 2638; x_wconf 87' lang='lat' dir='ltr'><strong>ob</strong></span> 
     </span>
     <span class='ocr_line' id='line_1_38' title="bbox 181 2655 1566 2728; baseline -0.008 -12"><span class='ocrx_word' id='word_1_257' title='bbox 181 2711 188 2716; x_wconf 91' lang='lat'><strong>.</strong></span> <span class='ocrx_word' id='word_1_258' title='bbox 219 2683 303 2716; x_wconf 72' lang='lat' dir='ltr'><strong>eas</strong></span> <span class='ocrx_word' id='word_1_259' title='bbox 324 2680 488 2714; x_wconf 79' lang='lat' dir='ltr'><strong>causas</strong></span> <span class='ocrx_word' id='word_1_260' title='bbox 515 2663 691 2712; x_wconf 82' lang='lat' dir='ltr'><strong>senatui</strong></span> <span class='ocrx_word' id='word_1_261' title='bbox 711 2663 905 2728; x_wconf 76' lang='lat' dir='ltr'><strong>placere,</strong></span> <span class='ocrx_word' id='word_1_262' title='bbox 923 2659 979 2707; x_wconf 86' lang='lat' dir='ltr'><strong>C.</strong></span> <span class='ocrx_word' id='word_1_263' title='bbox 1003 2658 1248 2716; x_wconf 62' lang='lat' dir='ltr'><strong>caesarem,</strong></span> <span class='ocrx_word' id='word_1_264' title='bbox 1275 2656 1376 2706; x_wconf 80' lang='lat' dir='ltr'><strong>Caii</strong></span> <span class='ocrx_word' id='word_1_265' title='bbox 1397 2655 1566 2718; x_wconf 59' lang='lat' dir='ltr'><strong>filium,</strong></span> 
     </span>
    </p>
   </div>
  </div>
 </body>
</html>
