1858 3020
259 190 326 237 52
567 188 647 237 IN
681 187 1010 239 PISONEM.
1043 187 1170 237 Car.
1203 189 1283 237 24.

252 314 517 374 Calventiae,
538 331 690 381 neque
707 317 850 378 hujus
869 317 1014 377 urbis,
1044 316 1125 365 sed
1150 315 1408 366 Placentini
1426 307 1589 364 muni.

250 377 375 441 cipii,
413 393 564 444 neque
593 382 772 445 paterni
793 380 986 444 generis,
1008 381 1088 429 sed
1108 381 1336 429 brachatae
1356 381 1589 443 cognatio·

249 442 339 501 nis,
361 442 583 493 dedecus!
609 445 1002 510 quemadmodum
1024 445 1187 493 venisti
1202 448 1224 493 ?
1280 445 1353 492 uis
1368 440 1470 505 tibi,
1488 458 1585 491 non

248 505 400 554 dicam
420 507 701 585 horum,·aut
715 509 885 584 civium
905 519 1198 584 caeterorum,
1314 517 1499 556 tuorum
1514 509 1586 555 le-

246 576 696 700 Ξωῶἶᾟέἲὲῒ
708 573 1251 700 ssfflssmaffi
1272 574 1333 684 ἐξ
1362 573 1416 684 00¹
1407 574 1580 694 “mmm-‘³⁸'

246 698 416 762 quibus
434 716 618 749 mecum
639 702 689 749 in
721 703 960 750 consulatu
992 715 1098 749 meo
1117 703 1386 763 conjunctus
1406 700 1500 747 fuit
1518 699 1581 747 ad

246 765 599 813 conservandam
608 766 957 829 rempublicam,
963 764 1159 827 dignior,
1169 780 1352 812 mecum
1357 764 1448 811 fuit
1455 774 1579 823 tum,

246 841 354 875 cum
375 837 421 876 te
442 830 631 893 quidam
650 845 741 877 non
762 829 899 892 longe
919 844 949 877 a
969 829 1102 892 porta
1122 844 1229 876 cum
1252 828 1487 876 lictoribus
1508 843 1583 875 er-

246 893 947 942 rantemvisumessenarraret.
982 892 1580 941 Scioitemvirumfortem

246 954 296 1003 in
318 957 496 1019 primis,
520 957 627 1005 belli
649 973 701 1005 ac
722 957 788 1004 rei
806 958 1016 1005 militaris
1050 956 1267 1020 peritum,
1302 955 1581 1004 familiarem

247 1030 424 1079 meum,
447 1020 511 1079 Q.
535 1021 788 1080 Marcium,
820 1024 1039 1085 (quorum
1070 1029 1122 1068 tu
1144 1021 1400 1084 legatorum
1419 1019 1582 1083 proelio

313 1093 494 1147 perator
508 1085 763 1149 appellatus
778 1099 893 1143 eras,
910 1100 1018 1133 cum
1034 1083 1177 1148 [non]
1190 1084 1328 1147 longe
1342 1083 1563 1132 abfuisses

247 1147 448 1195 adventu
469 1148 556 1197 isto
577 1156 675 1206 tuo,
697 1148 824 1197 domi
843 1149 985 1197 fuisse
1003 1149 1216 1197 otiosum.
1532 1172 1536 1177 ·

312 1211 405 1260 Sed
424 1212 539 1276 quid
559 1229 646 1277 ego
665 1228 899 1274 enumero,
921 1213 1006 1277 qui
1027 1213 1113 1261 tibi
1132 1212 1316 1261 obviam
1331 1227 1424 1259 non
1447 1226 1588 1261 vene-

246 1275 340 1324 rint
354 1280 377 1325 ?
410 1277 511 1325 dico
532 1278 704 1326 venisse
723 1293 856 1342 paene
876 1278 1126 1337 neminem,
1150 1292 1209 1325 ne
1229 1277 1287 1324 de
1315 1276 1587 1324 officiosissi-

245 1341 327 1388 ma
348 1341 535 1405 quidem
556 1342 740 1390 natione
760 1342 1123 1400 candidatorum,
1137 1356 1245 1389 cum
1261 1342 1401 1404 vulgo
1416 1348 1584 1400 essent,

246 1413 293 1452 et
312 1405 394 1452 illo
415 1406 532 1468 ipso,
557 1414 602 1453 et
622 1406 782 1453 multis
803 1415 910 1453 ante
923 1406 1103 1464 diebus,
1118 1405 1342 1454 admoniti
1357 1413 1404 1452 et
1415 1405 1580 1468 rogati.

246 1467 446 1532 Togulae
465 1469 698 1518 lictoribus
718 1470 778 1518 ad
797 1479 977 1533 portam
989 1480 1155 1535 praeto
1166 1470 1383 1527 fuerunt;
1407 1469 1581 1534 quibus

245 1532 316 1579 illi
345 1535 557 1597 acceptis,
581 1535 742 1596 sagula
760 1535 1030 1594 rejecerunt,
1065 1545 1113 1583 et
1131 1543 1356 1583 catervam
1376 1534 1580 1597 impera-

245 1596 335 1643 tori
356 1611 438 1644 suo
458 1612 627 1645 novam
648 1600 958 1660 praebuerunt.
992 1599 1068 1648 Sic
1082 1599 1336 1658 iste,‘tanto
1357 1598 1578 1659 exercitu,

247 1660 376 1710 tanta
395 1661 646 1725 provincia,
669 1661 865 1711 triennio
883 1672 1005 1726 post,
1036 1663 1362 1711 Maoedonicus
1381 1663 1584 1726 impera-

247 1732 335 1784 tor,
357 1726 407 1773 in
436 1726 615 1774 Urbem
635 1742 684 1774 se
703 1727 878 1786 intulit,
904 1736 960 1774 ut
983 1727 1158 1775 nullius
1188 1726 1479 1791 negotiatoris
1498 1729 1585 1774 ob-

247 1790 495 1837 scurissimi
523 1791 695 1838 reditus
729 1806 940 1855 unquam
967 1792 1106 1839 fuerit
1136 1791 1363 1839 desertior.
1407 1792 1469 1839 In
1488 1806 1587 1854 quo

247 1867 324 1900 me
345 1862 516 1913 tamen,
540 1855 622 1918 qui
643 1864 758 1903 esset
777 1865 964 1920 paratus
984 1856 1045 1904 ad
1065 1872 1113 1903 se
1132 1855 1488 1915 defendendum,
1512 1870 1588 1902 re-
1693 1871 1702 1878 ·

247 1917 501 1991 prehendit.
525 1919 650 1966 Cum
666 1934 751 1983 ego
765 1920 1101 1969 Coelimontan‘a
1112 1920 1246 1983 porta
1257 1921 1468 1967 introisse
1482 1919 1590 1966 dix-

247 1995 400 2041 issem,
424 1983 666 2045 sponsione
686 1998 779 2043 me,
809 1984 859 2031 ni
884 1984 1131 2047 Esquilina
1161 1984 1408 2043 introisset,
1443 1983 1596 2046 homo,

248 2045 585 2109 promtissimus
606 2046 857 2096 lacessivit:
893 2047 1027 2112 quasi
1047 2063 1153 2096 vero
1181 2047 1230 2094 id
1251 2056 1333 2095 aut
1366 2063 1452 2111 ego
1472 2047 1589 2096 scire

248 2109 504 2170 debuerim,
538 2119 620 2159 aut
642 2114 841 2159 vestrum
863 2112 1094 2176 quispiam
1124 2110 1386 2176 [audierin]
1421 2121 1503 2160 aut
1522 2111 1586 2159 ad

248 2190 348 2223 rem
368 2176 609 2251 pertineat,
631 2176 727 2242 qua
759 2184 812 2223 tu
834 2177 968 2239 porta
986 2176 1227 2251 introieris,
1263 2177 1402 2224 modo
1422 2191 1481 2223 ne
1501 2174 1588 2222 tri-

248 2240 499 2376 3555115
519 2240 1113 2379 5555555525:
1133 2255 1585 2378 55555525

248 2379 315 2411 rm
374 2368 442 2415 rio
461 2368 696 2429 praeditus,
719 2383 778 2415 ex
799 2367 1077 2415 Macedonia
1091 2382 1185 2414 non
1206 2366 1526 2431 triumphares.

365 2429 506 2477 XIV.
540 2431 614 2478 At
632 2431 841 2491 audistis,
862 2440 1016 2494 patres
1040 2432 1299 2494 conscripti,
1320 2431 1585 2495 philosophi

249 2504 421 2538 vocem.
446 2492 663 2554 Negavit,
673 2511 721 2542 se
736 2494 962 2556 triumphi
974 2494 1191 2557 cupidum
1203 2510 1413 2559 unquam
1424 2496 1582 2544 fuisse.

249 2552 297 2601 Ο
323 2555 497 2601 scelus!
533 2571 562 2601 o
582 2558 721 2619 pestis
741 2558 754 2604 l
790 2573 818 2605 o
839 2559 966 2605 labes
986 2557 998 2604 Ξ
1035 2572 1144 2605 cum
1169 2560 1490 2633 exstinguebas
1510 2571 1586 2607 se-

245 2624 427 2674 natum,
451 2618 677 2667 vendebas
697 2622 1012 2668 auctoritatem
1031 2620 1174 2682 hujus
1193 2623 1381 2682 ordinis,
1403 2622 1590 2671 addice-

90 2681 326 2722 *a*
357 2680 543 2730 tribuno
577 2681 726 2745 plebis
746 2684 1037 2732 consulatum
1060 2695 1213 2746 tuum,
1246 2687 1586 2750 rempublicam
