1858 3020
325 182 390 236 72
508 178 648 229 nno
680 178 980 228 Mmonn.
1044 176 1462 228 ARGUMENT.

323 306 462 356 etim
489 307 669 370 popun,
702 316 889 372 μωρία
914 306 1084 356 ‹ffiffl
1113 306 1662 383 mgisqnoehimpenq·

323 387 508 435 quoque
534 371 751 419 ludorum
785 370 1066 420 scenicorum
1086 388 1140 419 ac
1163 372 1422 434 gladiatorii
1452 387 1660 419 muneris

323 436 567 494 maximas,
608 435 658 482 in
692 452 808 499 quas
849 436 939 483 tria
978 435 1253 499 patrimonia
1294 436 1507 483 effudisse
1547 450 1659 482 eum

324 499 484 547 Cicero
509 498 757 563 significan
780 499 1095 562 competitores
1115 515 1222 547 vero
1242 500 1342 561 ejus
1363 500 1543 547 trahere
1562 500 1660 547 vel-

322 565 451 620 lentz
483 564 677 627 ideoque
698 563 967 627 Pompeius,
1080 563 1382 626 erScipionis,
1399 572 1447 611 et
1464 563 1527 610 Τ.
1542 563 1662 611 Mu-

323 628 495 689 natius,
516 628 728 676 tribunus
749 627 914 691 plebis,
937 644 961 674 r
1005 626 1092 675 erri
1119 624 1180 675 'ad
1207 636 1418 675 senatum
1438 627 1497 675 de
1516 627 1662 690 patri-

323 692 404 740 ciis
419 692 732 768 qonvoeandis,
746 692 829 755 qui
839 692 1112 802 inteffiem
1125 691 1382 766 proderent,
1399 706 1494 738 non
1510 698 1661 743 essent

322 771 463 868 ¹³⁸2
472 772 544 868 51¹²
538 764 939 868 {ffioessfffiffi
961 771 1104 872 (Αἴξ
1112 763 1424 882 ἓξῃᾞωΐῳ*
1464 831 1661 882 sequen.

324 885 401 943 da,
432 892 479 932 et
511 885 658 948 ipsam
679 885 950 943 orationem,
982 898 1089 947 quae
1115 884 1250 930 Actis
1277 882 1504 945 congruit,
1525 891 1658 946 puto,

358 964 467 996 uam
490 949 812 1006 Fenestellam,
843 948 926 1012 qui
953 963 995 994 a.
1017 947 1063 995 d.
1087 946 1216 996 XIV
1238 947 1338 995 Cal.
1362 948 1475 994 Feb.
1497 946 1660 1006 tradit)

324 965 450 1060 limo
467 1012 755 1071 Lanuvium,
778 1027 838 1058 ex
858 1015 953 1074 ‘quo
974 1018 1069 1059 erat
1099 1011 1366 1073 municipio,
1396 1018 1442 1059 et
1468 1010 1537 1059 ibi
1554 1019 1659 1058 tum

324 1077 531 1135 dictator,
555 1075 782 1139 profectus
797 1084 867 1123 est
876 1074 937 1123 ad
948 1074 1184 1122 flaminem
1198 1074 1487 1139 prodendum

323 1140 377 1188 ra
396 1140 484 1188 die.
518 1139 731 1188 Occurrit
751 1139 794 1186 ei
813 1139 931 1187 cirea
950 1139 1111 1197 horam
1127 1153 1297 1186 nonam
1314 1138 1506 1186 Clodius
1517 1139 1660 1202 paulo

323 1204 448 1280 ultra
467 1203 690 1262 Bovillas,
710 1202 888 1251 rediens
908 1205 968 1251 ab
988 1202 1167 1260 Aricia,
1189 1217 1330 1266 prope
1348 1217 1455 1250 eum
1482 1203 1657 1262 locum,

325 1266 1660 1395 fflsssssszffifizffiumvfflffffiffiffi

324 1397 442 1445 servi
469 1396 622 1444 XXX
650 1396 745 1444 fere
767 1393 987 1459 expediti,
1011 1398 1086 1448 (ut
1112 1394 1194 1442 illo
1213 1402 1418 1458 tempore
1437 1409 1543 1442 mos
1563 1403 1660 1443 erat

322 1462 410 1510 iter
444 1460 736 1519 facientibus)
770 1459 935 1523 gladiis
963 1458 1115 1519 cincti,
1151 1461 1472 1523 sequebantur.
1505 1459 1658 1507 Erant

321 1540 431 1573 cum
452 1524 615 1572 Clodio
650 1525 875 1587 praeterea‘
900 1532 993 1571 tres
1024 1523 1212 1572 comites
1248 1524 1365 1584 ejus,
1400 1538 1461 1571 ex
1519 1525 1659 1573 uibus

381 1604 461 1635 ues
495 1588 738 1636 Romanus
770 1601 908 1649 unus,
947 1588 1001 1636 C.
1033 1587 1266 1636 Cassinius
1293 1588 1441 1647 Sada,
1510 1604 1575 1636 uo
1602 1588 1661 1636 de

372 1654 454 1700 ebe
495 1652 603 1699 novi
647 1651 872 1710 homines,
922 1652 980 1700 P.
1018 1651 1319 1715 Pomponius,
1364 1652 1420 1700 C.
1452 1651 1658 1701 Clodius.

383 1717 446 1764 ilo
478 1716 623 1764 rheda
654 1716 921 1772 vehebatur,
944 1731 1053 1763 cum
1082 1731 1224 1763 uxore
1252 1715 1444 1775 Fausta,
1469 1716 1573 1765 filia
1596 1717 1658 1765 Ia.

322 1782 466 1829 Sullae
496 1780 742 1839 dictatoris,
765 1792 811 1828 et
832 1781 906 1827 M.
931 1780 1089 1837 Fusio,
1111 1779 1327 1827 familiari
1346 1794 1443 1827 suo.
1485 1782 1660 1844 Seque-

319 1846 457 1892 batur
493 1859 569 1893 eos
609 1859 834 1907 magnum
875 1859 1109 1892 servorum
1150 1858 1350 1906 agmen3
1385 1844 1506 1892 inter
1542 1860 1660 1908 quos

319 1908 592 1971 gladiatores
612 1923 798 1983 quoque
812 1916 958 1967 erant,
974 1924 1032 1956 ex
1053 1908 1224 1971 quibus
1242 1908 1338 1956 duo
1356 1907 1474 1966 noti,
1494 1908 1660 1957 Euda-

318 1987 426 2020 mus
457 1980 503 2019 et
523 1971 690 2019 Birria.
746 1971 833 2030 Hi,
855 1971 905 2019 in
925 1972 1094 2020 ultimo
1118 1972 1303 2035 agmine
1333 1972 1509 2020 tardius
1543 1988 1659 2021 eun-

319 2044 406 2095 tes,
442 2051 551 2083 cum
585 2036 723 2084 servis
761 2036 818 2084 P.
850 2036 1003 2084 Clodii
1029 2036 1181 2084 rixam
1205 2036 1564 2084 commiserunt=
1599 2036 1660 2087 ad

318 2115 460 2164 quem
475 2101 731 2149 tumultum
748 2115 858 2148 cum
880 2100 1150 2175 respexisset
1162 2100 1353 2158 Clodius
1372 2100 1660 2149 minitabun-

319 2165 425 2225 dus,
447 2165 696 2214 humerum
722 2166 822 2226 ejus
843 2164 999 2213 Bima
1030 2162 1264 2227 romphaea
1298 2164 1489 2225 trajecit.
1537 2165 1659 2214 Inde

317 2245 428 2277 cum
447 2240 548 2277 orta
568 2242 682 2278 esset
701 2244 878 2293 pugna,
900 2229 1057 2291 plures
1072 2227 1322 2298 Miloniani
1346 2223 1686 2278 accurrerunt?

318 2293 511 2341 Clodius
531 2294 795 2342 vulneratus
815 2292 864 2341 in
890 2295 1132 2342 tabernam
1158 2292 1419 2355 proximam
1446 2293 1659 2341 Bovilla-

312 2370 379 2403 no
399 2356 576 2403 delatus
597 2366 678 2405 est.
712 2358 853 2417 Milo,
869 2363 924 2403 ut
945 2356 1157 2419 cognovit
1182 2357 1475 2405 vulneratum
1496 2356 1659 2406 Clodi-

316 2432 418 2474 um,
442 2422 568 2471 (cum
591 2420 678 2467 sibi
698 2420 994 2484 periculosius
1014 2420 1131 2467 illud
1157 2419 1297 2468 etiam
1317 2420 1422 2469 vivo
1441 2435 1497 2468 eo
1526 2422 1659 2469 fum-

313 2493 418 2525 rum
461 2480 749 2543 intelligeret,
793 2483 939 2531 occiso
980 2491 1137 2532 autem
1172 2495 1399 2547 magnum
1436 2485 1659 2535 solatium

212 2547 221 2552 ’
315 2548 433 2588 esset
464 2541 724 2603 habiturus,
747 2547 886 2594 etiam
915 2546 957 2593 si
982 2546 1222 2595 subeunda
1248 2556 1365 2598 esset
1392 2557 1551 2611 poena)
1574 2564 1657 2597 ex-

311 2602 486 2676 turbari
506 2607 743 2655 tabernam
759 2610 910 2670 jussit.
945 2610 1057 2657 Fuit
1076 2610 1400 2673 antesignanus
1413 2627 1656 2660 servorum

302 2679 414 2731 ejus
436 2665 509 2737 Μ.
534 2666 791 2720 Fusteuusz
824 2680 966 2735 atque
985 2673 1052 2721 ita
1072 2673 1264 2722 Clodius
1293 2676 1441 2725 latens
1473 2683 1655 2727 extnc·
1687 2737 1692 2742 .

126 2731 299 2755 *-
