1858 3020
487 205 896 258 PHILIPPICA
928 207 1001 256 ΙΙ.
1031 207 1176 267 (34η.ἶ
1196 207 1281 256 44.
1451 207 1554 262 2Βῖ

215 352 220 363 ‘
245 334 476 387 ‘XLIIL
508 336 577 384 Et
595 345 648 384 tu
667 337 718 383 in
747 335 941 385 Caesaris
971 335 1197 384 memorii
1221 336 1414 401 diligens
1435 341 1458 386 ἒ
1492 346 1552 385 tu·

210 404 344 451 illum
366 417 502 448 amas·
518 410 754 448 mortuum
770 405 793 450 P
826 401 985 459 Quem
1018 401 1059 448 is
1082 402 1304 462 majorem
1324 402 1551 450 honorem

210 474 486 515 eonsecums
517 474 630 523 erat,
662 481 809 528 quam
839 474 896 512 ut
926 465 1129 512 haberet-
1143 465 1370 527 pulvinar,
1405 467 1549 513 simu.

207 532 405 589 lacrum,
437 530 691 592 fastigium,
720 530 957 577 flaminem
973 532 996 577 Ρ
1029 529 1118 576 Est
1149 544 1256 592 ergo
1285 529 1470 588 flamen,
1493 537 1553 576 ut·

207 596 337 654 Jovi,
362 602 417 641 ut
440 594 604 653 Marti,
627 601 681 640 ut
702 594 918 653 Quirino,
955 593 1019 641 sic
1040 593 1166 641 Divo
1186 593 1320 642 Julio
1343 593 1418 640 M.
1440 597 1552 640 An-

207 661 362 708 tonius
380 661 406 706 ?
439 657 571 717 Quid
598 658 740 720 igitur
777 660 961 706 cessas?
995 673 1076 705 our
1109 672 1203 704 non
1235 658 1509 719 inaugurare
1525 658 1548 702 3·

207 739 340 772 sume
350 722 477 770 diem
493 739 507 768 ε
541 722 659 780 vide,
683 722 765 784 qui
780 722 1096 785 teinauguret.
1133 721 1336 785 Collegae
1351 736 1512 768 sumus
1529 736 1557 777 ὅ

206 803 347 836 nemo
367 786 568 848 negabit.
605 786 652 833 Ο
675 787 987 833 detestabilem
1021 786 1272 846 hominem,
1297 786 1391 833 sive
1424 785 1549 848 quod

205 852 394 915 tyranni
415 850 621 898 sacerdos
642 866 706 908 es,
724 850 819 898 sive
840 850 966 914 quod
987 852 1198 899 mortuil
1228 850 1401 909 Quaero
1421 849 1560 896 dein-

205 931 331 979 ceps,
354 931 494 975 num,
527 914 775 962 hodiernus
795 915 892 962 dies
920 915 1004 977 qui
1028 914 1104 974 sit,
1136 914 1316 977 ignores
1330 914 1353 959 ’ἓ
1385 913 1557 972 nescis,-

208 979 313 1027 heri
332 988 553 1044 quartum
581 979 632 1025 in
659 979 793 1027 Circo
818 979 944 1026 diem
977 979 1195 1026 ludorum
1228 979 1551 1026 Romanorum

202 1043 345 1092 fuisse
361 1047 384 1092 ?
416 1053 464 1091 te
483 1043 638 1106 ipsum
659 1051 816 1090 autem
828 1043 1127 1106 adpopulum
1149 1043 1324 1101 tulisse,
1347 1050 1402 1089 ut
1413 1042 1554 1105 quin-

204 1116 279 1156 tus
299 1117 521 1172 praeterea
555 1107 651 1154 dies
676 1107 848 1155 Caesari
877 1107 1186 1154 tribueretur?
1220 1106 1318 1154 Cur
1349 1121 1442 1153 non
1473 1120 1555 1153 su-

202 1187 310 1220 mus
330 1172 627 1236 praetextati‘?
660 1187 741 1220 cur
770 1171 1008 1230 honorem,
1040 1171 1211 1218 Caesari
1231 1171 1314 1217 ωδ,
1346 1171 1447 1232 lege
1468 1171 1552 1217 da-

201 1245 325 1297 tum,
356 1236 502 1300 deseri
537 1236 742 1298 patimur
760 1238 782 1283 ἓ
814 1235 899 1282 An
935 1234 1308 1298 supplicationes,
1339 1234 1553 1281 addendo

203 1300 347 1360 diem,
384 1300 684 1349 contaminari
715 1315 876 1362 passus
912 1314 995 1354 es;
1029 1299 1290 1361 pulvinaria
1320 1298 1510 1346 noluisti
1524 1302 1549 1346 ἓ

203 1366 311 1412 Aut
329 1365 537 1429 undique
555 1364 824 1428 religionem
842 1362 970 1424 tolle,
987 1372 1071 1410 aut
1087 1377 1419 1427 usquequaque
1437 1376 1555 1410 eon-

204 1444 351 1477 serva.

268 1495 479 1556 Quaeres,
501 1493 735 1559 placeatne
756 1492 873 1541 mihi
906 1492 1124 1556 pulvinar
1143 1507 1256 1552 esse,
1287 1492 1544 1557 fastigium,

200 1559 455 1607 flaminem.
490 1559 618 1607 Mihi
646 1574 753 1607 vero
785 1558 904 1605 nihil
933 1558 1126 1605 istorum
1153 1558 1316 1621 placet.
1351 1558 1443 1606 Sed
1475 1566 1547 1616 tu,

233 1624 285 1671 ui
300 1632 409 1672 ‘acta
428 1623 621 1672 Caesaris
641 1623 863 1682 defendis,
886 1621 1001 1685 quid
1016 1631 1144 1685 potes
1165 1623 1328 1682 dicere,
1353 1638 1435 1670 cur
1455 1622 1557 1670 alia.

201 1640 439 1747 defendas,
458 1688 549 1735 alia
569 1702 664 1735 non
683 1702 813 1733 cures
829 1690 851 1734 Ρ
884 1686 975 1733 nisi
994 1687 1111 1734 forte
1132 1687 1200 1735 vis
1219 1686 1370 1745 fateri,
1387 1695 1433 1734 te
1446 1701 1551 1733 om-

173 1755 180 1762 ‘
200 1751 283 1799 nia
304 1760 485 1815 quaestu
507 1760 605 1810 tuo,
623 1764 718 1798 non
733 1751 859 1797 illius
880 1750 1118 1813 dignitate,
1133 1751 1299 1798 metiri.
1333 1751 1467 1809 Quid
1489 1748 1554 1797 sd

200 1816 303 1864 haec
317 1816 507 1864 tandem
526 1819 549 1864 P
574 1822 785 1878 exspecto
808 1814 933 1862 enim
956 1814 1261 1878 eloquentiam
1278 1823 1422 1862 tuam.
1459 1813 1552 1860 Di-

200 1880 506 1928 sertissimum
519 1879 711 1942 oognovi
725 1894 865 1926 avum
879 1886 1014 1926 tuum
1031 1896 1043 1925 ε
1074 1887 1123 1927 at
1138 1889 1183 1927 te
1198 1880 1336 1927 etiam
1351 1878 1552 1941 apertius

198 1960 302 1992 rem
318 1945 371 1991 in
382 1944 587 1992 dicendo.
613 1944 703 1991 Ille
714 1958 957 2007 nunquam
971 1943 1125 1992 nudus
1141 1952 1209 1992 est
1221 1943 1514 1992 concionatus
1531 1956 1549 1988 a

199 2017 341 2056 tuum
376 2008 579 2057 hominis
628 2008 848 2071 simplicis
882 2016 1043 2071 pectus
1074 2008 1289 2056 vidimus.
1336 2007 1565 2067 Respons-

197 2073 394 2121 debisne
414 2073 474 2122 ad
493 2072 594 2120 haec
609 2074 632 2120 ἒ
666 2081 750 2119 aut.
782 2073 972 2120 omnino
998 2072 1171 2120 hiscere
1193 2069 1380 2117 audebis
1399 2072 1421 2116 Ρ
1456 2068 1553 2113 Ec·-

197 2137 320 2201 quid
354 2137 566 2200 reperies,
605 2152 663 2183 ex
697 2145 794 2183 tam
831 2137 973 2200 longa
1004 2136 1208 2183 oratione
1238 2132 1362 2189 meix,
1396 2131 1472 2177 cui
1506 2138 1554 2177 te

200 2201 479 2265 respondere
510 2216 642 2265 posse
674 2200 878 2249 confidas
895 2203 917 2248 ἒ
968 2200 1065 2247 Sed
1097 2195 1329 2263 praeterita
1363 2192 1559 2240 omitta-

201 2281 328 2316 mus.

268 2329 472 2378 XLIV.
500 2329 646 2376 Hunc
665 2344 814 2376 unum
837 2327 979 2385 diem,
1002 2326 1129 2372 hunc
1143 2336 1312 2379 unum,
1337 2322 1559 2384 inqu

197 2394 482 2443 hodiernum
507 2394 648 2451 diem,
665 2394 754 2440 hoc
773 2401 1001 2455 punctum
1014 2386 1250 2451 temporis,
1265 2401 1359 2449 quo
1369 2386 1554 2450 loquor,

199 2458 418 2518 defende,
437 2459 477 2505 si
489 2470 633 2521 potes.
668 2457 765 2503 Cur
779 2464 1060 2502 armatorum
1074 2451 1437 2512 coronaqsenatus
1453 2466 1555 2514 sep-

199 2531 285 2570 tus
306 2530 377 2569 est
393 2525 417 2570 ,⁹
451 2537 533 2569 cur
561 2536 639 2568 me
659 2520 731 2567 tui
759 2519 975 2565 satellites
997 2531 1105 2563 cum
1135 2512 1299 2575 gladiis
1319 2514 1515 2560 audiunt
1530 2515 1553 2561 P

197 2601 291 2635 eur
314 2586 464 2634 valvae
486 2583 755 2633 Concordiae
776 2596 869 2629 non
890 2587 1051 2643 patent.
1066 2582 1088 2627 ἓ
1123 2592 1205 2625 cur
1224 2576 1434 2623 homines
1455 2591 1556 2621 cm-

203 2650 345 2698 nium
367 2649 578 2712 gentium
597 2646 805 2693 maxime
830 2646 1067 2699 barbaros,
1082 2641 1322 2702 Ithyraeos,
1345 2653 1452 2686 eum
1482 2653 1561 2683 sae

105 2745 116 2754 ·
196 2710 823 2782 gifflsdedudsinfomm?
857 2700 1553 2755 haesidiisuioeusasesaoere
