1858 3020
267 200 359 249 168
521 197 659 247 PRO
689 195 1075 247 DEIOTARO.
1110 195 1241 247 GAP.
1275 197 1322 245 4.

323 327 415 377 IV.
438 326 563 375 Cum
578 326 774 379 mdix-et,
787 327 971 375 senatus
983 324 1304 374 consemientis
1322 326 1602 377 auctoritate*

260 400 391 440 arms
402 401 585 448 sumn,
609 392 887 449 consulibus,
907 391 1197 453 praetoribus,
1217 390 1412 438 tribunis
1427 391 1597 454 plebis,

259 457 392 505 nobis
410 456 776 518 imperatoribus,
801 454 1136 529 rempublicam
1157 454 1492 504 defendendam
1510 456 1596 503 da·

260 529 392 577 tam3
426 522 695 568 movebatur
714 519 885 577 animo,
903 529 951 566 et
967 519 1051 577 vir,
1072 518 1216 566 huic
1202 519 1395 581 imperio·
1414 521 1607 569 amicis«

261 585 423 642 simus,
440 584 499 632 de
513 583 658 632 salute
676 584 839 648 populi
854 552 1059 631 Romani
1074 583 1448 640 extimescebat,’
1433 598 1484 630 ιιι
1500 586 1600 660 qu}

261 650 404 698 etiam
432 663 564 697 suam
583 648 806 696 inclusam
830 647 1027 695 videbat.
1069 647 1334 695 Insummo
1361 646 1519 696 tamen
1539 650 1601 696 ti

261 729 407 771 more,
429 712 755 776 quiescendum
783 712 871 760 sibi
901 726 1000 758 esse
1019 711 1337 758 arbitrabatur.
1383 711 1600 761 Maxime

262 794 371 827 vero
398 778 689 840 perturbatus
709 784 796 832 est,
829 785 886 822 ut
909 775 1102 831 audivit,
1130 776 1337 822 consules
1364 789 1424 823 ex
1459 776 1602 825 Italia

262 841 533 907 profugisse,
571 855 821 903 omnesque
854 840 1110 888 consulares
1139 839 1223 902 §sic
1255 834 1381 887 enim
1412 841 1604 889 nuntia-n

263 908 439 964 batur),
470 913 688 952 cunctum
713 913 942 961 senatum,
971 912 1118 951 totam
1147 903 1333 951 Italiam
1366 918 1462 952 esse
1482 904 1602 952 effu·-

265 986 380 1019 sam.
413 969 611 1017 Talibus
630 968 755 1015 enim
783 967 958 1015 nuntiis
977 977 1024 1016 et
1053 968 1315 1015 rumoribus
1334 969 1602 1030 patebatad

267 1034 507 1093 Orientem
536 1033 640 1088 νίας
675 1047 760 1080 nec
789 1033 875 1079 uni
903 1032 999 1081 veri
1023 1033 1430 1095 subsequebantur.
1465 1033 1604 1081 Nihil

266 1088 347 1147 ille
366 1098 425 1147 de
445 1097 777 1145 conditionibus
797 1097 908 1155 tuis,
944 1096 1063 1143 nihil
1095 1096 1155 1143 de
1181 1095 1332 1144 studio
1352 1097 1605 1145 concordio

268 1172 315 1211 et
333 1162 475 1226 pacis,
498 1161 616 1209 nihil
634 1161 692 1208 de
707 1161 1037 1223 conspiratione
1049 1160 1265 1208 audiebat
1279 1167 1506 1208 certorum
1517 1161 1605 1210 ho-

267 1227 456 1278 minum
471 1234 629 1274 contra
642 1225 914 1298 dignitatem
925 1233 1070 1272 tuam.
1103 1224 1228 1284 Quoe
1238 1238 1345 1272 cum
1361 1224 1428 1271 ita
1438 1236 1606 1284 essent,

270 1300 428 1342 tamen
445 1305 595 1364 usque
614 1305 668 1337 eo
688 1306 737 1338 se
757 1288 921 1345 tenuit,
952 1288 1107 1351 quoad
1133 1304 1164 1336 a
1188 1288 1276 1336 Cn.
1300 1289 1525 1353 Pompeio
1545 1290 1605 1337 ad

270 1371 379 1405 eum
399 1354 541 1418 legati
553 1355 787 1417 literaeque
807 1361 1043 1401 venerunt.

338 1421 546 1483 Ignosce,
568 1418 766 1480 ignosce,
788 1417 960 1475 Caesar,
983 1417 1022 1465 si
1042 1419 1140 1478 ejus
1152 1417 1238 1466 viri
1253 1417 1511 1467 auctoritati
1523 1434 1606 1467 rex

275 1484 521 1534 Deiotarus
542 1482 690 1541 cessit,
713 1497 855 1546 quem
882 1496 967 1532 nos
986 1496 1146 1530 omnes
1167 1481 1310 1531 secuti
1333 1497 1526 1532 sumus.
1558 1483 1607 1532 in

274 1563 415 1622 quem
436 1562 545 1595 cum
566 1546 649 1593 Dii
667 1555 807 1620 atque
826 1546 1036 1596 homines
1050 1548 1210 1594 omnia
1221 1556 1490 1595 ornamenta
1501 1563 1608 1596 eon

274 1611 531 1687 gessissent,
555 1619 657 1657 tum
679 1622 729 1657 tu
750 1610 848 1673 ipse
867 1611 1070 1673 plurima
1098 1620 1144 1658 et
1171 1611 1391 1659 maxima.
1438 1612 1610 1688 Neque

274 1676 419 1734 enim,
443 1675 481 1723 si
502 1685 595 1722 tuae
615 1690 685 1722 res
704 1682 843 1736 gestae
857 1683 1124 1723 caeterorum
1135 1675 1350 1723 laudibus
1360 1677 1614 1725 obscurita-

277 1751 372 1789 tem
393 1739 661 1799 attulerunt,
684 1737 849 1785 iddreo
865 1738 956 1786 Cn.
979 1739 1191 1802 Pompeii
1205 1740 1478 1789 memoriam
1496 1742 1614 1789 ami

277 1806 436 1855 simus.
469 1803 715 1864 Quantum
746 1817 917 1850 nomen
948 1803 1048 1863 ejus
1077 1803 1232 1862 fuerit,
1266 1812 1452 1867 quantas
1485 1821 1612 1881 opes,

278 1877 454 1934 quanta
472 1866 523 1914 in
551 1866 680 1916 omni
698 1881 862 1929 genere
889 1868 1119 1918 bellorum
1145 1867 1307 1930 gloria,
1340 1870 1504 1931 quanti
1531 1871 1617 1917 ho-

278 1948 411 2007 nores
444 1931 607 1996 populi
642 1930 860 1990 Romani,
896 1932 1062 1994 quanti
1094 1934 1292 2007 senatus,
1324 1933 1491 1995 quanti
1525 1935 1613 1995 tui,

277 1996 387 2062 quis
417 1995 598 2060 ignorat
612 1997 635 2043 ἓ
670 1995 826 2042 Tanto
858 1996 939 2043 ille
958 1995 1223 2070 superiores
1249 1997 1418 2044 vicerat
1448 1998 1615 2060 gloria,

279 2070 455 2125 quanto
475 2070 524 2108 tu
548 2059 763 2107 omnibus
783 2059 1045 2121 praestitisti.
1086 2059 1253 2124 Itaque
1280 2060 1369 2108 Cn.
1405 2061 1619 2125 Pompeii

280 2126 420 2185 bella,
456 2124 680 2183 victorias,
715 2122 992 2186 triumphos,
1028 2125 1307 2184 consulatus,
1338 2124 1620 2175 admirantes

280 2192 669 2248 numerabamus,
702 2196 807 2235 tuos
827 2203 1095 2235 enumerare
1113 2202 1207 2236 non
1227 2204 1489 2252 possumus.

348 2256 413 2304 V.
445 2253 529 2302 Ad
550 2269 658 2302 eum
673 2252 814 2314 igitur
827 2267 910 2300 rex
932 2251 1179 2300 Deiotarus
1199 2253 1340 2310 venit,
1355 2253 1626 2303 hocmisers

283 2319 504 2381 fatalique
525 2318 664 2376 bello,
688 2331 828 2379 quem
839 2325 977 2363 antea
991 2316 1128 2376 justis
1140 2316 1475 2391 hostilibusque
1488 2318 1626 2367 benis

284 2382 552 2453 adjuverat,
586 2394 788 2453 quocum
818 2388 915 2427 erat
935 2394 1028 2432 non
1048 2379 1248 2444 hospitio
1267 2382 1436 2440 solum,
1459 2396 1627 2432 verum

287 2443 427 2490 etiam
446 2442 770 2502 familiaritate,
788 2445 1091 2504 conjunctus,
1124 2453 1171 2492 et
1192 2444 1404 2494 venitvel
1416 2454 1626 2508 rogatus,

288 2505 555 2561 utamicus,
579 2506 1167 2564 νεΙειιοεεείιιιῳιιεοσίιιει
1190 2509 1505 2568 velevocatus,
1519 2511 1631 2559 ut‘n

281 2566 387 2673 {ui
393 2568 571 2613 senatui
598 2583 755 2628 parere
782 2570 1039 2617 didicisset.
1073 2580 1305 2633 postremo
1324 2573 1467 2631 venit,
1489 2582 1549 2621 ut
1565 2561 1633 2623 ui

313 2638 562 2700 ugientem,
574 2643 666 2675 non
679 2637 733 2676 ut
746 2632 839 2677 ad
826 2643 1162 2695 insequentem,
1177 2635 1228 2684 id
1243 2636 1636 2750 w

187 2702 385 2750 Q
404 2690 465 2736 ad
485 2690 700 2751 victonae,
717 2696 991 2768 societatem.
1027 2696 1210 2762 Itaque,
1229 2700 1270 2747 P
1441 2715 1643 2765 σορκ»,
