1858 3020
258 176 324 223 92
551 169 688 219 PRO
723 167 1021 223 MILONE.
1055 167 1183 216 Cu-
1220 168 1295 214 12.

259 307 330 347 set
348 296 458 346 dare
471 297 695 361 jugulum
716 297 775 346 Ρ.
791 295 974 354 Clodio,
987 310 1082 345 non
1101 295 1245 345 smel
1259 297 1319 344 ab
1343 295 1426 344 illo
1439 309 1594 361 neque

263 371 367 410 tum
400 362 603 436 primum
630 363 845 425 petitum,
868 377 1012 423 quam
1033 359 1238 423 jugulari
1266 377 1295 407 a
1316 362 1461 421 vobis,
1485 362 1598 425 quia

264 443 313 474 se
345 426 415 473 i111
448 441 540 473 non
571 426 880 488 jugulandum
917 424 1187 472 tradidisset.
1220 425 1305 472 Sin
1336 425 1424 473 hoc
1458 441 1602 473 nemo

266 493 464 538 vestrum
485 491 549 538 ita
569 489 735 546 sentit3
770 488 887 536 illud
904 489 1005 551 jam
1017 489 1066 535 in
1084 488 1312 550 judicium
1327 489 1468 548 venit,
1486 503 1599 549 non,

268 553 520 602 Occisusne
542 553 599 601 sit
621 554 765 616 (quod
781 554 1019 611 fatemur),
1042 552 1138 611 sed,
1153 553 1189 599 J
1191 569 1288 612 ure,
1311 567 1373 599 an
1395 553 1600 614 injuriag

300 619 394 666 uod
414 618 572 666 multis
606 619 655 665 in
682 618 828 665 causis
862 633 982 680 saepe
1017 617 1261 680 quaesitum
1290 625 1371 664 est.
1407 617 1607 665 Insidias

444 698 537 730 esse
567 690 742 729 constat
758 699 772 728 ε
812 689 856 729 et
888 681 938 727 id
968 689 1050 738 est,
1081 681 1206 743 quod
1231 689 1413 728 senatus
1446 690 1605 737 contra

269 747 601 810 rempublicam
635 746 810 794 factum
834 745 1087 806 judicavit:
1122 747 1181 791 ab
1210 753 1314 792 utro
1333 745 1465 793 factae
1491 747 1604 806 sint,

271 811 496 859 incertum
518 819 598 858 est.
632 809 708 857 De
726 810 814 857 hoc
841 808 998 872 igitur,
1023 810 1171 855 latum
1199 818 1282 868 est,
1305 817 1359 856 ut
1379 825 1606 872 quaerere-

273 883 363 922 tur.
399 876 474 923 Ita
501 884 546 923 et
574 883 756 922 senatus
779 889 894 931 rem,
917 887 1012 920 non
1037 872 1289 932 hominem,
1312 873 1518 930 notavit3
1555 884 1605 922 et

275 939 540 1002 Pompeius,
563 939 621 986 de
653 939 774 999 jure,
806 952 898 984 non
920 937 979 983 de
998 936 1136 995 facto,
1160 938 1456 1000 quaestionem
1478 938 1605 986 tulit.

339 1004 461 1051 XII.
496 1003 545 1050 N
548 1001 744 1065 nmquid
780 1001 920 1064 igitur
957 1000 1084 1047 aliud
1114 1000 1166 1046 in
1198 1001 1426 1062 judicium
1459 1003 1607 1063 venit,

275 1067 379 1124 nisi,
414 1076 516 1114 uter
552 1065 643 1113 utri
676 1065 861 1113 insidias
894 1064 1051 1111 fecerit
1070 1067 1092 1112 ?
1126 1065 1343 1127 profecto,
1379 1066 1497 1112 nihil
1515 1084 1529 1113 ε
1566 1068 1609 1113 si

275 1131 352 1179 hic
372 1131 458 1189 illi,
489 1139 543 1177 ut
564 1145 621 1177 ne
642 1129 701 1177 sit
721 1130 942 1192 impune;
977 1128 1017 1175 si
1036 1128 1115 1176 ille
1135 1129 1260 1187 huic,
1282 1138 1387 1177 tum
1408 1145 1491 1178 nos
1511 1146 1611 1178 sce-

279 1196 373 1244 lere
393 1195 636 1242 solvamur.

343 1259 563 1319 Quonam
590 1257 730 1321 igitur
750 1266 883 1321 pacto
910 1256 1094 1320 probari
1114 1265 1278 1320 potest,
1300 1257 1488 1305 insidias
1509 1259 1614 1307 Mi..

277 1325 375 1371 loni
394 1324 550 1371 fecisse
572 1322 789 1370 Clodium
809 1325 830 1369 Ρ
865 1321 986 1369 Satis
1012 1330 1078 1368 est
1099 1321 1305 1383 quidem,
1328 1321 1378 1368 in
1406 1321 1489 1369 ina
1509 1331 1613 1371 tam

279 1388 459 1445 audaci,
483 1397 579 1433 tam
603 1385 776 1433 nefaria
797 1386 969 1443 bellua,
993 1384 1167 1445 docere,
1196 1400 1417 1448 magnam
1438 1386 1480 1432 ei
1501 1403 1615 1434 cau-

279 1467 396 1509 sam,
426 1465 642 1513 magnam
672 1465 819 1513 spem,
845 1450 894 1496 in
925 1448 1120 1496 Milonis
1143 1458 1290 1496 morte
1314 1450 1617 1515 propositam,

281 1531 472 1577 magnas
509 1515 726 1561 utilitates
762 1513 915 1561 fuisse.
953 1514 1123 1578 ‘Itaque
1158 1514 1277 1561 illud
1320 1514 1614 1574 Cassianum,

285 1581 320 1608 “
348 1581 442 1626 Cui
463 1580 573 1624 bono
580 1578 793 1641 fuerit,”
819 1578 869 1624 in
885 1578 957 1624 his
969 1578 1173 1640 personis
1190 1578 1367 1636 valeat3
1402 1579 1486 1626 etsi
1500 1575 1618 1628 boni

283 1643 414 1690 nullo
435 1642 743 1690 emolumento
763 1642 1068 1704 impelluntur
1087 1642 1137 1689 in
1163 1642 1389 1700 fraudem,
1412 1643 1617 1707 improbi

284 1722 404 1769 saepe
435 1721 588 1770 parvo.
622 1706 791 1769 Atqui,
819 1706 1001 1753 Milone
1025 1706 1277 1766 interfecto,
1305 1706 1496 1754 Clodius
1526 1708 1619 1762 hoc

283 1773 622 1834 assequebatur,
645 1785 738 1820 non
759 1770 896 1817 modo
912 1778 967 1817 ut
987 1779 1152 1833 praetor
1168 1780 1298 1829 esset,
1315 1786 1410 1818 non
1432 1786 1487 1818 eo
1506 1787 1618 1820 con-

285 1836 401 1894 sule,
425 1851 517 1906 quo
551 1833 725 1881 sceleris
747 1834 863 1880 nihil
895 1834 1042 1881 facere
1062 1844 1245 1907 possem
1280 1835 1358 1882 sed
1380 1836 1537 1896 etiam,
1559 1845 1621 1885 ut

284 1898 358 1946 his
379 1898 639 1946 consulibus
661 1908 826 1961 praetor
849 1906 981 1955 esset,
1004 1901 1190 1961 qmbus,
1218 1900 1257 1946 si
1276 1914 1370 1946 non
1391 1899 1621 1960 adjuvan,

283 1963 426 2021 tibus,
449 1971 497 2010 at
516 1962 858 2010 conniventibus
879 1970 1013 2022 certe,
1036 1971 1254 2025 speraret,
1278 1979 1325 2011 se
1343 1979 1477 2027 posse
1498 1980 1623 2013 rem-

284 2028 518 2092 publicam
561 2026 742 2074 eludere
774 2027 824 2073 in
856 2026 949 2073 iuis
983 2026 1077 2073 suis
1110 2027 1318 2090 cogitatis
1352 2027 1587 2077 furoribus
1600 2047 1620 2078 z

285 2094 418 2154 cujus
438 2091 507 2139 illi
529 2100 716 2139 conatus
735 2094 808 2145 (ut
827 2090 924 2154 ipse
944 2090 1314 2150 ratiocinabatur)
1332 2106 1434 2150 nec,
1452 2093 1493 2140 si
1512 2109 1624 2156 pos-

287 2165 405 2216 sent,
428 2156 673 2219 reprimere
694 2163 926 2219 cuperent,
950 2171 1057 2203 cum
1078 2163 1263 2203 tantum
1281 2155 1558 2204 beneficium
1580 2158 1627 2214 ei

289 2237 337 2269 se
364 2222 528 2270 debere
557 2220 910 2275 arbitrarentur-3
947 2227 1008 2279 et,
1040 2219 1080 2267 si
1106 2221 1289 2279 vellent,
1319 2220 1512 2269 fortasse
1538 2221 1624 2276 vix

286 2294 471 2349 possent
490 2285 697 2348 frangere
718 2283 917 2331 hominis
939 2283 1266 2333 sceleratissimi
1286 2287 1626 2342 corroboratam

285 2352 386 2416 jam
408 2358 630 2398 vetustate
650 2348 902 2396 audaciam.

355 2413 441 2459 An
462 2428 583 2472 vero,
602 2413 795 2473 judices,
818 2428 898 2460 vos
927 2411 1013 2460 soli
1033 2412 1289 2476 ignoratis?
1324 2428 1404 2471 vos
1424 2414 1632 2478 hospites

290 2473 342 2530 in
356 2476 444 2522 hac
465 2478 577 2523 urbe
598 2477 839 2524 versamini
852 2477 876 2521 'x’
909 2485 1067 2524 vestrae
1086 2477 1435 2541 peregrinantur
1456 2494 1590 2527 aures
1607 2482 1634 2529 ἓ

292 2538 522 2652 ”33²3
531 2538 1609 2666 Ἶξέθῖὲἧᾛῗᾜοὲἳηῗω
1613 2576 1633 2606 ’

114 2618 412 2746 ...Ἱὲιωοβ
432 2664 575 2721 urbis,
603 2673 648 2713 et
672 2620 1129 2734 pesteseffeipublicae)
1155 2657 1301 2718 'fuerit
1328 2622 1632 2733 immffiffl
