1858 3020
506 188 917 241 PHILIPPICA
939 191 1032 240 IV.
1053 190 1181 239 CAP.
1204 191 1251 238 4.
1446 188 1540 236 261

204 341 210 347 ·
231 324 238 331 ’
274 317 384 367 ΠΙ.·
400 317 524 378 Quae
542 328 792 384 exspectas,
806 319 884 368 Μ.
900 304 1099 378 Arimin,
1109 317 1283 380 judicis
1293 316 1499 381 graviora
1513 319 1537 365 ἓ

209 382 364 430 Caesar
383 382 588 433 ferturin
608 385 791 443 coelum,
804 385 889 448 qui
901 392 1059 431 eontra
1079 392 1125 431 te
1145 383 1392 430 exercitum
1414 397 1538 430 oom-

207 447 412 509 paravit:
457 447 705 496 laudantur
748 447 1110 512 exquisitissimis
1142 446 1289 494 verbis
1322 446 1536 509 legiones,

207 526 311 573 quae
344 520 392 559 te
422 512 736 575 reliquerunt3
771 528 876 575 quae
896 529 925 560 a
947 521 992 560 te
1011 510 1234 559 amessitae
1268 518 1392 569 sunt,
1429 525 1535 571 quae

207 584 368 635 essent,
392 576 432 623 si
451 584 497 624 te
517 578 753 624 consulem
774 593 918 650 quam
939 576 1119 623 hostem
1131 573 1415 632 maluissent,
1427 583 1534 621 tuae.

207 637 419 697 Quarum
440 640 678 703 legionum
698 640 998 688 fortissimum
1020 640 1398 701 verissimumque
1410 637 1537 697 judi-

206 703 326 750 cium
342 704 585 752 confirmat
600 714 801 763 senatus,
812 707 1078 769 comprobet
1088 704 1326 752 universus
1337 701 1538 765 populus

204 765 464 827 Romanus,
494 768 584 817 nisi
616 769 732 816 forte
765 785 861 827 vos,
906 768 1128 828 Quirites,
1158 767 1409 824 consulem,
1444 779 1538 812 non

203 829 397 889 hostem,
424 832 639 892 judicatis
671 833 953 881 Antonium·
1005 833 1080 880 Sic
1113 831 1382 888 arbitrabar,
1414 828 1535 888 Qui-

200 894 323 954 rites,
347 911 428 943 vos
443 897 666 958 judicare,
688 905 743 944 ut
766 897 1014 945 ostenditis.
1061 896 1193 954 Quid
1208 899 1230 944 ?
1263 893 1532 956 municipia,

201 959 414 1018 colonias,
448 961 757 1023 praefecturas‚
780 977 896 1008 num
928 961 1060 1008 aliter
1076 959 1282 1021 judicate
1303 957 1492 1006 censetis
1508 959 1532 1005 ἓ

202 1021 378 1071 Omnes
398 1025 615 1072 mortales
628 1026 725 1073 una
735 1034 898 1073 mente
913 1024 1217 1083 consentiunt,
1234 1023 1392 1070 omnia
1406 1036 1536 1071 arma

201 1101 375 1147 eorum,
399 1089 483 1151 qui
498 1088 597 1137 haec
612 1090 739 1138 salva
751 1090 908 1150 velint,
924 1098 1082 1137 contra
1094 1089 1225 1136 illam
1241 1095 1416 1151 pestem
1436 1101 1535 1134 esse

199 1152 431 1214 oepimda.
498 1153 628 1212 Quid
648 1156 669 1201 Ρ
716 1153 781 1201 D.
826 1153 967 1202 Bruti
1018 1152 1264 1214 judicium,
1308 1150 1530 1223 Quirites,

199 1216 345 1278 (quod
376 1232 437 1264 ex
467 1217 687 1266 hodierno
716 1220 818 1279 ejus
849 1219 997 1265 edicto
1163 1217 1279 1264 icere
1298 1213 1531 1278 potuistis)

197 1292 312 1326 num
344 1280 423 1327 cui
449 1281 635 1329 tandem
662 1281 1049 1331 contemnendum
1071 1282 1116 1329 vi
1146 1283 1285 1328 etur?
1321 1279 1465 1327 Recte
1485 1286 1532 1326 et

198 1358 301 1390 vere
320 1345 516 1407 negatis,
539 1345 758 1404 Quirites.
791 1347 880 1393 Est
900 1346 1025 1393 enim
1051 1344 1183 1408 quasi
1203 1344 1414 1392 Deorum
1440 1342 1530 1393 im-

195 1408 465 1457 mortalium
493 1409 712 1458 beneficio
748 1420 795 1459 et
835 1425 1027 1458 munere
1064 1409 1226 1457 datum
1267 1407 1531 1471 reipublicae

194 1470 455 1521 Brutorum
486 1488 631 1536 genus
669 1483 715 1524 et
750 1489 938 1535 nomen,
977 1474 1038 1522 ad
1072 1474 1329 1523 libertatem
1367 1470 1530 1537 populi

193 1535 403 1585 Romani
425 1539 498 1585 vel
516 1539 878 1587 constituendam
899 1541 974 1589 vel
995 1539 1363 1603 recuperandam.
1396 1536 1529 1596 Quid

191 1598 337 1663 igitur
357 1600 424 1648 1).
442 1602 619 1651 Brutus
633 1604 692 1651 de
712 1604 787 1652 Μ.
817 1604 1027 1652 Antonio
1042 1604 1264 1665 judicavit
1278 1606 1301 1651 .⁹
1335 1602 1528 1652 exclusit

189 1665 430 1727 provincia
446 1683 461 1713 ε
493 1667 696 1716 exercitu
725 1669 900 1717 obstitit
914 1687 928 1716 ε
965 1668 1169 1716 Galliam
1198 1676 1343 1717 totam
1373 1667 1528 1718 horta-

189 1736 268 1776 tur
290 1730 352 1777 ad
381 1730 577 1790 bellum,
599 1732 748 1795 ipsam
768 1733 854 1779 suit
873 1741 1035 1796 sponte
1056 1748 1229 1796 suoque
1244 1732 1418 1794 judicio
1445 1746 1527 1778 ex-

187 1791 395 1841 citatam.
431 1795 483 1842 Si
503 1796 664 1844 consul
682 1796 936 1856 Antonius,
959 1797 1136 1844 Brutus
1156 1797 1296 1846 hostis
1311 1813 1325 1842 ε
1360 1796 1399 1843 si
1418 1808 1526 1843 oon-

187 1866 394 1906 servator
413 1858 676 1922 reipublicae
704 1860 899 1920 Brutus,
925 1860 1068 1909 hostis
1087 1860 1339 1910 Antonius.
1389 1861 1525 1908 Num

184 1919 349 1983 igitur,
366 1931 528 1972 utrum
548 1924 715 1974 horum
729 1924 803 1983 sit,
822 1925 1030 1973 dubitare
1049 1926 1330 1989 possumus?

187 2025 196 2030 .
249 1985 348 2033 1V.
370 1989 552 2050 Atque,
567 1996 619 2036 ut
633 2004 711 2037 vos
727 1987 821 2036 uni
832 1999 987 2038 mente
997 1990 1184 2053 unaque
1196 2004 1304 2037 voce
1317 1987 1526 2036 dubitare

181 2064 265 2100 vos
276 2051 485 2113 negatis3
511 2051 574 2100 sic
587 2053 726 2101 modo
738 2053 934 2102 decrevit
945 2063 1143 2113 senatus,
1154 2053 1217 2100 D.
1226 2054 1430 2099 Brutum
1443 2066 1526 2113 op-

182 2113 301 2162 time
323 2115 383 2162 de
403 2116 640 2179 republicis
658 2119 837 2177 mereri,
860 2134 969 2167 cum
991 2121 1172 2166 senatus
1192 2115 1524 2171 auctoritatam,

177 2178 444 2243 populique
455 2181 659 2228 Romani
670 2182 926 2231 libertatem
941 2181 1297 2243 imperiumque,
1315 2175 1528 2223 defende-

177 2241 256 2289 rit.
279 2243 336 2290 A
349 2260 446 2306 quo
460 2244 742 2294 defenderit?
764 2261 933 2319 nempe
947 2246 1006 2291 ab
1021 2244 1163 2304 hoste.
1187 2243 1311 2299 Quae
1322 2247 1390 2285 est
1401 2237 1526 2311 enim

178 2305 276 2353 alia
297 2307 535 2355 laudanda
554 2309 785 2358 defensio?
809 2310 1040 2369 Deinceps
1061 2305 1276 2352 laudatur
1295 2316 1528 2365 provmcla

179 2368 348 2417 Gallia
356 2388 371 2427 ς
390 2372 644 2435 meritoque
650 2385 837 2421 ornatur
846 2370 996 2420 verbis
1009 2366 1303 2431 amplissimis
1312 2374 1524 2426 asenam,

176 2434 313 2507 quod
325 2436 505 2484 resistat
516 2436 724 2485 Antonio
740 2455 753 2484 ε
787 2451 931 2499 quem
947 2434 986 2482 si
996 2433 1230 2482 consulem
1242 2431 1323 2479 ina
1341 2430 1527 2492 provin-

173 2511 251 2547 cia
263 2507 471 2561 putaret,
487 2515 637 2562 neque
653 2516 761 2548 eum
773 2500 1007 2560 reciperet,
1024 2511 1194 2558 magno
1207 2496 1368 2543 scelere
1382 2510 1431 2540 se
1445 2493 1527 2539 ad-

169 2561 441 2624 stringeret.
466 2562 645 2611 Omnes
660 2565 785 2611 enim
800 2563 850 2609 in
863 2560 1063 2608 consulis
1072 2560 1176 2619 jure
1188 2567 1234 2605 et
1244 2558 1435 2620 imperio
1447 2557 1526 2603 de-

166 2624 290 2674 bent
303 2641 405 2674 esse
416 2627 677 2689 provinciae.
712 2627 763 2673 N
765 2633 870 2687 egat
888 2624 977 2669 hoc
988 2621 1052 2669 D.
1070 2622 1248 2669 Brutus
1261 2622 1524 2690 imperator,

162 2689 344 2738 consul
349 2690 635 2753 designatus,
645 2697 782 2738 natus
789 2685 1049 2749 reipublicae
1058 2684 1168 2735 ,civis
1176 2702 1195 2740 ς
1208 2681 1525 2745 negatGalha,
