<?xml version="1.0" encoding="UTF-8"?>
<!DOCTYPE html PUBLIC "-//W3C//DTD XHTML 1.0 Transitional//EN"
    "http://www.w3.org/TR/xhtml1/DTD/xhtml1-transitional.dtd">
<html xmlns="http://www.w3.org/1999/xhtml" xml:lang="en" lang="en">
 <head>
  <title>
</title>
<meta http-equiv="Content-Type" content="text/html;charset=utf-8" />
  <meta name='ocr-system' content='tesseract 3.04.00' />
  <meta name='ocr-capabilities' content='ocr_page ocr_carea ocr_par ocr_line ocrx_word'/>
</head>
<body>
  <div class='ocr_page' id='page_1' title='image "./operaexeditioni05ernegoog_0277.png"; bbox 0 0 1858 3020; ppageno 0'>
   <div class='ocr_carea' id='block_1_1' title="bbox 524 453 1223 677">
    <p class='ocr_par' dir='ltr' id='par_1_1' title="bbox 524 453 1223 677">
     <span class='ocr_line' id='line_1_1' title="bbox 524 453 1223 513; baseline -0.001 -1"><span class='ocrx_word' id='word_1_1' title='bbox 524 455 613 513; x_wconf 91' lang='lat' dir='ltr'>IN</span> <span class='ocrx_word' id='word_1_2' title='bbox 648 453 738 512; x_wconf 89' lang='grc' dir='ltr'>Μ.</span> <span class='ocrx_word' id='word_1_3' title='bbox 766 453 1223 513; x_wconf 84' lang='lat' dir='ltr'>ANTONIUM</span> 
     </span>
     <span class='ocr_line' id='line_1_2' title="bbox 631 599 1127 677; baseline 0.002 -32"><span class='ocrx_word' id='word_1_4' title='bbox 631 599 903 677; x_wconf 66' lang='lat' dir='ltr'>Philippica</span> <span class='ocrx_word' id='word_1_5' title='bbox 929 599 1127 654; x_wconf 83' lang='lat' dir='ltr'>Quarta.</span> 
     </span>
    </p>
   </div>
   <div class='ocr_carea' id='block_1_2' title="bbox 211 725 1567 2656">
    <p class='ocr_par' dir='ltr' id='par_1_2' title="bbox 211 725 1566 1548">
     <span class='ocr_line' id='line_1_3' title="bbox 223 725 1543 791; baseline -0.002 -15"><span class='ocrx_word' id='word_1_6' title='bbox 223 754 226 757; x_wconf 96' lang='lat'>-</span> <span class='ocrx_word' id='word_1_7' title='bbox 274 728 316 776; x_wconf 93' lang='grc' dir='ltr'>Ι.</span> <span class='ocrx_word' id='word_1_8' title='bbox 358 730 749 791; x_wconf 58' lang='lat' dir='ltr'>Firmanus-ru</span> <span class='ocrx_word' id='word_1_9' title='bbox 792 737 940 776; x_wconf 67' lang='lat' dir='ltr'>vestra</span> <span class='ocrx_word' id='word_1_10' title='bbox 982 728 1276 788; x_wconf 67' lang='lat' dir='ltr'>incredibilia,</span> <span class='ocrx_word' id='word_1_11' title='bbox 1320 725 1543 786; x_wconf 73' lang='lat' dir='ltr'>Quirites,</span> 
     </span>
     <span class='ocr_line' id='line_1_4' title="bbox 211 791 1547 858; baseline -0.004 -16"><span class='ocrx_word' id='word_1_12' title='bbox 211 794 457 858; x_wconf 84' lang='lat' dir='ltr'>concioque</span> <span class='ocrx_word' id='word_1_13' title='bbox 487 802 632 851; x_wconf 84' lang='lat' dir='ltr'>tanta,</span> <span class='ocrx_word' id='word_1_14' title='bbox 665 804 890 857; x_wconf 87' lang='lat' dir='ltr'>quantam</span> <span class='ocrx_word' id='word_1_15' title='bbox 909 793 1173 841; x_wconf 79' lang='lat' dir='ltr'>meminisse</span> <span class='ocrx_word' id='word_1_16' title='bbox 1193 806 1287 843; x_wconf 85' lang='lat' dir='ltr'>non</span> <span class='ocrx_word' id='word_1_17' title='bbox 1304 791 1476 849; x_wconf 81' lang='lat' dir='ltr'>videor,</span> <span class='ocrx_word' id='word_1_18' title='bbox 1499 799 1547 837; x_wconf 88' lang='lat' dir='ltr'>et</span> 
     </span>
     <span class='ocr_line' id='line_1_5' title="bbox 212 854 1547 933; baseline -0.004 -27"><span class='ocrx_word' id='word_1_19' title='bbox 212 857 491 906; x_wconf 72' lang='lat' dir='ltr'>alacritatem</span> <span class='ocrx_word' id='word_1_20' title='bbox 521 858 640 905; x_wconf 89' lang='lat' dir='ltr'>mihi</span> <span class='ocrx_word' id='word_1_21' title='bbox 671 873 903 905; x_wconf 88' lang='lat' dir='ltr'>summam</span> <span class='ocrx_word' id='word_1_22' title='bbox 934 857 1065 904; x_wconf 83' lang='lat' dir='ltr'>affert</span> <span class='ocrx_word' id='word_1_23' title='bbox 1091 856 1354 933; x_wconf 78' lang='lat' dir='ltr'>reipublicae</span> <span class='ocrx_word' id='word_1_24' title='bbox 1390 854 1547 902; x_wconf 83' lang='lat' dir='ltr'>defen-</span> 
     </span>
     <span class='ocr_line' id='line_1_6' title="bbox 214 920 1545 986; baseline -0.004 -17"><span class='ocrx_word' id='word_1_25' title='bbox 214 921 391 981; x_wconf 82' lang='lat' dir='ltr'>dendae,</span> <span class='ocrx_word' id='word_1_26' title='bbox 415 930 461 970; x_wconf 88' lang='lat' dir='ltr'>et</span> <span class='ocrx_word' id='word_1_27' title='bbox 482 937 613 986; x_wconf 84' lang='lat' dir='ltr'>spem</span> <span class='ocrx_word' id='word_1_28' title='bbox 633 920 954 985; x_wconf 59' lang='lat' dir='ltr'>recuperandae</span> <span class='ocrx_word' id='word_1_29' title='bbox 974 921 1207 969; x_wconf 69' lang='lat' dir='ltr'>libemus.</span> <span class='ocrx_word' id='word_1_30' title='bbox 1242 921 1545 982; x_wconf 80' lang='lat' dir='ltr'><strong>Quamquam</strong></span> 
     </span>
     <span class='ocr_line' id='line_1_7' title="bbox 213 982 1547 1049; baseline -0.002 -17"><span class='ocrx_word' id='word_1_31' title='bbox 213 986 395 1033; x_wconf 80' lang='lat' dir='ltr'>animus</span> <span class='ocrx_word' id='word_1_32' title='bbox 415 986 604 1049; x_wconf 87' lang='lat' dir='ltr'>quidem</span> <span class='ocrx_word' id='word_1_33' title='bbox 624 986 742 1033; x_wconf 88' lang='lat' dir='ltr'>mihi</span> <span class='ocrx_word' id='word_1_34' title='bbox 772 1000 1014 1048; x_wconf 89' lang='lat' dir='ltr'>nunquam</span> <span class='ocrx_word' id='word_1_35' title='bbox 1047 985 1210 1045; x_wconf 85' lang='lat' dir='ltr'>defuit,</span> <span class='ocrx_word' id='word_1_36' title='bbox 1241 993 1447 1046; x_wconf 77' lang='lat' dir='ltr'>tempora</span> <span class='ocrx_word' id='word_1_37' title='bbox 1467 982 1547 1029; x_wconf 86' lang='lat' dir='ltr'>de-</span> 
     </span>
     <span class='ocr_line' id='line_1_8' title="bbox 212 1047 1546 1113; baseline -0.002 -17"><span class='ocrx_word' id='word_1_38' title='bbox 212 1049 429 1097; x_wconf 83' lang='lat' dir='ltr'>fuerunt:</span> <span class='ocrx_word' id='word_1_39' title='bbox 465 1067 570 1113; x_wconf 80' lang='lat' dir='ltr'>quae</span> <span class='ocrx_word' id='word_1_40' title='bbox 590 1050 731 1098; x_wconf 87' lang='lat' dir='ltr'>simul</span> <span class='ocrx_word' id='word_1_41' title='bbox 752 1065 805 1097; x_wconf 85' lang='lat' dir='ltr'>ac</span> <span class='ocrx_word' id='word_1_42' title='bbox 824 1049 1031 1113; x_wconf 87' lang='lat' dir='ltr'>primum</span> <span class='ocrx_word' id='word_1_43' title='bbox 1053 1049 1230 1113; x_wconf 84' lang='lat' dir='ltr'>aliquid</span> <span class='ocrx_word' id='word_1_44' title='bbox 1250 1047 1366 1095; x_wconf 84' lang='lat' dir='ltr'>lucis</span> <span class='ocrx_word' id='word_1_45' title='bbox 1395 1055 1546 1094; x_wconf 84' lang='lat' dir='ltr'>osten·</span> 
     </span>
     <span class='ocr_line' id='line_1_9' title="bbox 214 1110 1549 1178; baseline -0.003 -18"><span class='ocrx_word' id='word_1_46' title='bbox 214 1113 318 1161; x_wconf 87' lang='lat' dir='ltr'>dere</span> <span class='ocrx_word' id='word_1_47' title='bbox 330 1115 432 1161; x_wconf 85' lang='lat' dir='ltr'>visa</span> <span class='ocrx_word' id='word_1_48' title='bbox 451 1122 576 1173; x_wconf 89' lang='lat' dir='ltr'>sunt,</span> <span class='ocrx_word' id='word_1_49' title='bbox 599 1115 808 1178; x_wconf 85' lang='lat' dir='ltr'>princeps</span> <span class='ocrx_word' id='word_1_50' title='bbox 829 1123 990 1162; x_wconf 61' lang='lat' dir='ltr'>vostrae</span> <span class='ocrx_word' id='word_1_51' title='bbox 1008 1113 1231 1161; x_wconf 79' lang='lat' dir='ltr'>libertatis</span> <span class='ocrx_word' id='word_1_52' title='bbox 1251 1110 1549 1159; x_wconf 64' lang='lat' dir='ltr'>defendendae</span> 
     </span>
     <span class='ocr_line' id='line_1_10' title="bbox 214 1175 1566 1237; baseline -0.001 -11"><span class='ocrx_word' id='word_1_53' title='bbox 214 1178 296 1225; x_wconf 78' lang='lat' dir='ltr'>fui.</span> <span class='ocrx_word' id='word_1_54' title='bbox 329 1178 475 1237; x_wconf 81' lang='lat' dir='ltr'>Quod</span> <span class='ocrx_word' id='word_1_55' title='bbox 500 1178 539 1226; x_wconf 85' lang='lat' dir='ltr'>si</span> <span class='ocrx_word' id='word_1_56' title='bbox 560 1187 666 1225; x_wconf 87' lang='lat' dir='ltr'>ante</span> <span class='ocrx_word' id='word_1_57' title='bbox 684 1178 833 1225; x_wconf 86' lang='lat' dir='ltr'>facere</span> <span class='ocrx_word' id='word_1_58' title='bbox 860 1185 1050 1225; x_wconf 82' lang='lat' dir='ltr'>conatus</span> <span class='ocrx_word' id='word_1_59' title='bbox 1072 1192 1237 1237; x_wconf 82' lang='lat' dir='ltr'>essem,</span> <span class='ocrx_word' id='word_1_60' title='bbox 1259 1189 1384 1222; x_wconf 90' lang='lat' dir='ltr'>nunc</span> <span class='ocrx_word' id='word_1_61' title='bbox 1402 1175 1566 1226; x_wconf 68' lang='lat' dir='ltr'>facere.</span> 
     </span>
     <span class='ocr_line' id='line_1_11' title="bbox 215 1239 1552 1305; baseline -0.001 -16"><span class='ocrx_word' id='word_1_62' title='bbox 215 1256 305 1291; x_wconf 88' lang='lat' dir='ltr'>non</span> <span class='ocrx_word' id='word_1_63' title='bbox 324 1257 524 1305; x_wconf 78' lang='lat' dir='ltr'>possem.</span> <span class='ocrx_word' id='word_1_64' title='bbox 559 1242 796 1290; x_wconf 84' lang='lat' dir='ltr'>Hodierno</span> <span class='ocrx_word' id='word_1_65' title='bbox 818 1241 940 1288; x_wconf 89' lang='lat' dir='ltr'>enim</span> <span class='ocrx_word' id='word_1_66' title='bbox 959 1241 1050 1299; x_wconf 80' lang='lat' dir='ltr'>(lie,</span> <span class='ocrx_word' id='word_1_67' title='bbox 1063 1241 1286 1300; x_wconf 81' lang='lat' dir='ltr'>Quirites,</span> <span class='ocrx_word' id='word_1_68' title='bbox 1305 1243 1385 1294; x_wconf 88' lang='lat' dir='ltr'>(ne</span> <span class='ocrx_word' id='word_1_69' title='bbox 1404 1239 1552 1287; x_wconf 86' lang='lat' dir='ltr'>medi-</span> 
     </span>
     <span class='ocr_line' id='line_1_12' title="bbox 216 1304 1554 1369; baseline -0.001 -15"><span class='ocrx_word' id='word_1_70' title='bbox 216 1321 365 1354; x_wconf 84' lang='lat' dir='ltr'>ocrem</span> <span class='ocrx_word' id='word_1_71' title='bbox 385 1322 486 1354; x_wconf 87' lang='lat' dir='ltr'>rem</span> <span class='ocrx_word' id='word_1_72' title='bbox 507 1314 656 1369; x_wconf 76' lang='lat' dir='ltr'>actam</span> <span class='ocrx_word' id='word_1_73' title='bbox 671 1304 974 1364; x_wconf 78' lang='lat' dir='ltr'>arbitremini)</span> <span class='ocrx_word' id='word_1_74' title='bbox 989 1304 1290 1360; x_wconf 83' lang='lat' dir='ltr'>fundamenta</span> <span class='ocrx_word' id='word_1_75' title='bbox 1305 1305 1429 1364; x_wconf 84' lang='lat' dir='ltr'>jacta</span> <span class='ocrx_word' id='word_1_76' title='bbox 1443 1314 1554 1352; x_wconf 87' lang='lat' dir='ltr'>sunt</span> 
     </span>
     <span class='ocr_line' id='line_1_13' title="bbox 219 1366 1551 1434; baseline -0.002 -16"><span class='ocrx_word' id='word_1_77' title='bbox 219 1371 501 1434; x_wconf 83' lang='lat' dir='ltr'>reliquarum</span> <span class='ocrx_word' id='word_1_78' title='bbox 522 1370 768 1418; x_wconf 85' lang='lat' dir='ltr'>actionum.</span> <span class='ocrx_word' id='word_1_79' title='bbox 803 1370 933 1417; x_wconf 90' lang='lat' dir='ltr'>Nam</span> <span class='ocrx_word' id='word_1_80' title='bbox 954 1377 1023 1416; x_wconf 84' lang='lat' dir='ltr'>est</span> <span class='ocrx_word' id='word_1_81' title='bbox 1041 1366 1184 1416; x_wconf 80' lang='lat' dir='ltr'>hostis</span> <span class='ocrx_word' id='word_1_82' title='bbox 1205 1385 1234 1416; x_wconf 85' lang='lat' dir='ltr'>a</span> <span class='ocrx_word' id='word_1_83' title='bbox 1254 1376 1414 1416; x_wconf 83' lang='lat' dir='ltr'>senatu</span> <span class='ocrx_word' id='word_1_84' title='bbox 1434 1383 1551 1417; x_wconf 88' lang='lat' dir='ltr'>non-</span> 
     </span>
     <span class='ocr_line' id='line_1_14' title="bbox 219 1432 1552 1498; baseline -0.002 -15"><span class='ocrx_word' id='word_1_85' title='bbox 219 1435 328 1482; x_wconf 87' lang='lat' dir='ltr'>dum</span> <span class='ocrx_word' id='word_1_86' title='bbox 350 1437 491 1483; x_wconf 83' lang='lat' dir='ltr'>verbo</span> <span class='ocrx_word' id='word_1_87' title='bbox 524 1435 796 1498; x_wconf 84' lang='lat' dir='ltr'>appellatus,</span> <span class='ocrx_word' id='word_1_88' title='bbox 841 1432 920 1481; x_wconf 80' lang='lat' dir='ltr'>sed</span> <span class='ocrx_word' id='word_1_89' title='bbox 953 1448 1004 1492; x_wconf 82' lang='lat' dir='ltr'>re</span> <span class='ocrx_word' id='word_1_90' title='bbox 1033 1434 1134 1494; x_wconf 87' lang='lat' dir='ltr'>jam</span> <span class='ocrx_word' id='word_1_91' title='bbox 1163 1433 1411 1495; x_wconf 82' lang='lat' dir='ltr'>judicatus,</span> <span class='ocrx_word' id='word_1_92' title='bbox 1445 1433 1552 1481; x_wconf 89' lang='lat' dir='ltr'>An-</span> 
     </span>
     <span class='ocr_line' id='line_1_15' title="bbox 220 1499 385 1548; baseline -0.012 1"><span class='ocrx_word' id='word_1_93' title='bbox 220 1499 385 1548; x_wconf 82' lang='lat' dir='ltr'>tonius.</span> 
     </span>
    </p>

    <p class='ocr_par' dir='ltr' id='par_1_3' title="bbox 220 1563 1558 2201">
     <span class='ocr_line' id='line_1_16' title="bbox 280 1563 1549 1630; baseline 0.001 -18"><span class='ocrx_word' id='word_1_94' title='bbox 280 1566 426 1628; x_wconf 82' lang='lat' dir='ltr'>Nunc</span> <span class='ocrx_word' id='word_1_95' title='bbox 446 1579 553 1612; x_wconf 84' lang='lat' dir='ltr'>vero</span> <span class='ocrx_word' id='word_1_96' title='bbox 572 1564 723 1612; x_wconf 90' lang='lat' dir='ltr'>multo</span> <span class='ocrx_word' id='word_1_97' title='bbox 746 1578 853 1625; x_wconf 79' lang='lat' dir='ltr'>sum</span> <span class='ocrx_word' id='word_1_98' title='bbox 880 1563 1082 1624; x_wconf 82' lang='lat' dir='ltr'>erectior,</span> <span class='ocrx_word' id='word_1_99' title='bbox 1106 1563 1232 1627; x_wconf 85' lang='lat' dir='ltr'>quod</span> <span class='ocrx_word' id='word_1_100' title='bbox 1252 1578 1331 1612; x_wconf 81' lang='lat' dir='ltr'>vos</span> <span class='ocrx_word' id='word_1_101' title='bbox 1347 1580 1549 1630; x_wconf 89' lang='lat' dir='ltr'>quoque,</span> 
     </span>
     <span class='ocr_line' id='line_1_17' title="bbox 221 1628 1551 1691; baseline -0.002 -14"><span class='ocrx_word' id='word_1_102' title='bbox 221 1628 400 1677; x_wconf 80' lang='lat' dir='ltr'>hostem</span> <span class='ocrx_word' id='word_1_103' title='bbox 421 1628 559 1680; x_wconf 69' lang='lat' dir='ltr'>iilum</span> <span class='ocrx_word' id='word_1_104' title='bbox 580 1644 691 1687; x_wconf 81' lang='lat' dir='ltr'>esse,</span> <span class='ocrx_word' id='word_1_105' title='bbox 715 1637 843 1675; x_wconf 82' lang='lat' dir='ltr'>tanto</span> <span class='ocrx_word' id='word_1_106' title='bbox 867 1642 1087 1675; x_wconf 81' lang='lat' dir='ltr'>consensu</span> <span class='ocrx_word' id='word_1_107' title='bbox 1113 1635 1332 1691; x_wconf 86' lang='lat' dir='ltr'>tantoque</span> <span class='ocrx_word' id='word_1_108' title='bbox 1353 1630 1551 1677; x_wconf 86' lang='lat' dir='ltr'>clamore</span> 
     </span>
     <span class='ocr_line' id='line_1_18' title="bbox 220 1692 1552 1768; baseline -0.001 -28"><span class='ocrx_word' id='word_1_109' title='bbox 220 1692 563 1768; x_wconf 68' lang='lat' dir='ltr'>approbavistis.</span> <span class='ocrx_word' id='word_1_110' title='bbox 598 1694 699 1741; x_wconf 84' lang='lat' dir='ltr'>Nec</span> <span class='ocrx_word' id='word_1_111' title='bbox 713 1692 836 1739; x_wconf 89' lang='lat' dir='ltr'>enim</span> <span class='ocrx_word' id='word_1_112' title='bbox 849 1692 948 1739; x_wconf 83' lang='lat' dir='ltr'>fieri</span> <span class='ocrx_word' id='word_1_113' title='bbox 960 1700 1125 1767; x_wconf 52' lang='lat' dir='ltr'>potest,</span> <span class='ocrx_word' id='word_1_114' title='bbox 1139 1701 1194 1739; x_wconf 91' lang='lat' dir='ltr'>ut</span> <span class='ocrx_word' id='word_1_115' title='bbox 1206 1699 1299 1741; x_wconf 89' lang='lat' dir='ltr'>non</span> <span class='ocrx_word' id='word_1_116' title='bbox 1312 1702 1395 1741; x_wconf 85' lang='lat' dir='ltr'>aut</span> <span class='ocrx_word' id='word_1_117' title='bbox 1412 1694 1447 1740; x_wconf 91' lang='lat' dir='ltr'>ii</span> <span class='ocrx_word' id='word_1_118' title='bbox 1459 1694 1552 1740; x_wconf 83' lang='lat' dir='ltr'>sint</span> 
     </span>
     <span class='ocr_line' id='line_1_19' title="bbox 221 1757 1552 1883; baseline -0.001 -15"><span class='ocrx_word' id='word_1_119' title='bbox 221 1757 1552 1883; x_wconf 52' lang='grc' dir='ltr'>2ξὲῧέῗωοὲἓῗέοῗέἒᾞξῗωθέῗὲἐᾚωέυᾜᾜὲ</span> 
     </span>
     <span class='ocr_line' id='line_1_20' title="bbox 223 1884 1554 1948; baseline -0.002 -15"><span class='ocrx_word' id='word_1_120' title='bbox 223 1885 362 1933; x_wconf 85' lang='lat' dir='ltr'>Hanc</span> <span class='ocrx_word' id='word_1_121' title='bbox 390 1885 535 1948; x_wconf 88' lang='lat' dir='ltr'>igitur</span> <span class='ocrx_word' id='word_1_122' title='bbox 567 1884 916 1943; x_wconf 76' lang='lat' dir='ltr'>dubitationem,</span> <span class='ocrx_word' id='word_1_123' title='bbox 955 1899 1241 1948; x_wconf 85' lang='lat' dir='ltr'>quamquam</span> <span class='ocrx_word' id='word_1_124' title='bbox 1276 1886 1421 1933; x_wconf 80' lang='lat' dir='ltr'>nulla·</span> <span class='ocrx_word' id='word_1_125' title='bbox 1441 1893 1554 1942; x_wconf 88' lang='lat' dir='ltr'>erat,</span> 
     </span>
     <span class='ocr_line' id='line_1_21' title="bbox 221 1949 1558 2013; baseline -0.002 -16"><span class='ocrx_word' id='word_1_126' title='bbox 221 1957 377 1997; x_wconf 81' lang='lat' dir='ltr'>tamen</span> <span class='ocrx_word' id='word_1_127' title='bbox 398 1964 458 1996; x_wconf 90' lang='lat' dir='ltr'>ne</span> <span class='ocrx_word' id='word_1_128' title='bbox 473 1965 568 2012; x_wconf 86' lang='lat' dir='ltr'>qua</span> <span class='ocrx_word' id='word_1_129' title='bbox 587 1957 739 2013; x_wconf 81' lang='lat' dir='ltr'>posset</span> <span class='ocrx_word' id='word_1_130' title='bbox 760 1964 870 2009; x_wconf 59' lang='lat' dir='ltr'>asse,</span> <span class='ocrx_word' id='word_1_131' title='bbox 887 1957 1069 1998; x_wconf 79' lang='lat' dir='ltr'>senatus</span> <span class='ocrx_word' id='word_1_132' title='bbox 1084 1949 1303 1997; x_wconf 84' lang='lat' dir='ltr'>hodierno</span> <span class='ocrx_word' id='word_1_133' title='bbox 1319 1950 1393 1997; x_wconf 86' lang='lat' dir='ltr'>die</span> <span class='ocrx_word' id='word_1_134' title='bbox 1405 1957 1558 1998; x_wconf 82' lang='lat' dir='ltr'>sustu-</span> 
     </span>
     <span class='ocr_line' id='line_1_22' title="bbox 222 2013 1558 2076; baseline -0.001 -15"><span class='ocrx_word' id='word_1_135' title='bbox 222 2013 291 2061; x_wconf 85' lang='lat' dir='ltr'>lit.</span> <span class='ocrx_word' id='word_1_136' title='bbox 343 2014 400 2062; x_wconf 84' lang='lat' dir='ltr'>C.</span> <span class='ocrx_word' id='word_1_137' title='bbox 425 2013 597 2071; x_wconf 81' lang='lat' dir='ltr'>Caesar,</span> <span class='ocrx_word' id='word_1_138' title='bbox 630 2013 713 2076; x_wconf 91' lang='lat' dir='ltr'>qui</span> <span class='ocrx_word' id='word_1_139' title='bbox 732 2014 1065 2076; x_wconf 80' lang='lat' dir='ltr'>rempublicam</span> <span class='ocrx_word' id='word_1_140' title='bbox 1085 2013 1436 2076; x_wconf 76' lang='lat' dir='ltr'>libertatemque</span> <span class='ocrx_word' id='word_1_141' title='bbox 1456 2027 1558 2059; x_wconf 81' lang='lat' dir='ltr'>ves-</span> 
     </span>
     <span class='ocr_line' id='line_1_23' title="bbox 224 2076 1558 2141; baseline -0.003 -16"><span class='ocrx_word' id='word_1_142' title='bbox 224 2086 345 2125; x_wconf 87' lang='lat' dir='ltr'>tram</span> <span class='ocrx_word' id='word_1_143' title='bbox 367 2093 452 2125; x_wconf 87' lang='lat' dir='ltr'>suo</span> <span class='ocrx_word' id='word_1_144' title='bbox 465 2077 632 2137; x_wconf 86' lang='lat' dir='ltr'>studio,</span> <span class='ocrx_word' id='word_1_145' title='bbox 646 2077 851 2138; x_wconf 82' lang='lat' dir='ltr'>consilio,</span> <span class='ocrx_word' id='word_1_146' title='bbox 865 2077 1142 2141; x_wconf 82' lang='lat' dir='ltr'>patrimonio</span> <span class='ocrx_word' id='word_1_147' title='bbox 1154 2076 1367 2139; x_wconf 73' lang='lat' dir='ltr'>denique,¹</span> <span class='ocrx_word' id='word_1_148' title='bbox 1381 2083 1558 2122; x_wconf 84' lang='lat' dir='ltr'>tutatus</span> 
     </span>
     <span class='ocr_line' id='line_1_24' title="bbox 226 2140 1556 2201; baseline -0.005 -11"><span class='ocrx_word' id='word_1_149' title='bbox 226 2151 310 2201; x_wconf 78' lang='lat' dir='ltr'>est,</span> <span class='ocrx_word' id='word_1_150' title='bbox 326 2150 373 2189; x_wconf 84' lang='lat' dir='ltr'>et</span> <span class='ocrx_word' id='word_1_151' title='bbox 392 2150 588 2200; x_wconf 86' lang='lat' dir='ltr'>tutatur,</span> <span class='ocrx_word' id='word_1_152' title='bbox 611 2141 828 2189; x_wconf 82' lang='lat' dir='ltr'>maximis</span> <span class='ocrx_word' id='word_1_153' title='bbox 844 2145 1027 2190; x_wconf 70' lang='lat' dir='ltr'>senatus</span> <span class='ocrx_word' id='word_1_154' title='bbox 1041 2140 1258 2192; x_wconf 76' lang='lat' dir='ltr'>laudibus</span> <span class='ocrx_word' id='word_1_155' title='bbox 1269 2147 1457 2185; x_wconf 86' lang='lat' dir='ltr'>ornatus</span> <span class='ocrx_word' id='word_1_156' title='bbox 1473 2146 1556 2184; x_wconf 83' lang='lat' dir='ltr'>est.</span> 
     </span>
    </p>

    <p class='ocr_par' dir='ltr' id='par_1_4' title="bbox 219 2199 1567 2656">
     <span class='ocr_line' id='line_1_25' title="bbox 287 2199 1558 2266; baseline -0.005 -13"><span class='ocrx_word' id='word_1_157' title='bbox 287 2205 473 2266; x_wconf 82' lang='lat' dir='ltr'>Laudo,</span> <span class='ocrx_word' id='word_1_158' title='bbox 487 2205 627 2253; x_wconf 86' lang='lat' dir='ltr'>laudo</span> <span class='ocrx_word' id='word_1_159' title='bbox 639 2221 734 2265; x_wconf 68' lang='grc' dir='ltr'>νος,</span> <span class='ocrx_word' id='word_1_160' title='bbox 752 2205 975 2266; x_wconf 76' lang='lat' dir='ltr'>Quirites,</span> <span class='ocrx_word' id='word_1_161' title='bbox 989 2219 1097 2251; x_wconf 85' lang='lat' dir='ltr'>cum</span> <span class='ocrx_word' id='word_1_162' title='bbox 1110 2201 1377 2264; x_wconf 73' lang='lat' dir='ltr'>gratissimis</span> <span class='ocrx_word' id='word_1_163' title='bbox 1393 2199 1558 2247; x_wconf 82' lang='lat' dir='ltr'>animis</span> 
     </span>
     <span class='ocr_line' id='line_1_26' title="bbox 219 2262 1560 2335; baseline -0.007 -17"><span class='ocrx_word' id='word_1_164' title='bbox 219 2270 554 2335; x_wconf 80' lang='lat' dir='ltr'>prosequimini</span> <span class='ocrx_word' id='word_1_165' title='bbox 574 2285 742 2318; x_wconf 83' lang='lat' dir='ltr'>nomen</span> <span class='ocrx_word' id='word_1_166' title='bbox 764 2268 1003 2317; x_wconf 73' lang='lat' dir='ltr'>clarissimi</span> <span class='ocrx_word' id='word_1_167' title='bbox 1015 2264 1325 2321; x_wconf 77' lang='lat' dir='ltr'>adolescentis,</span> <span class='ocrx_word' id='word_1_168' title='bbox 1341 2264 1415 2311; x_wconf 85' lang='lat' dir='ltr'>vel</span> <span class='ocrx_word' id='word_1_169' title='bbox 1427 2262 1560 2326; x_wconf 89' lang='lat' dir='ltr'>pueri</span> 
     </span>
     <span class='ocr_line' id='line_1_27' title="bbox 223 2327 1563 2399; baseline -0.007 -17"><span class='ocrx_word' id='word_1_170' title='bbox 223 2334 409 2399; x_wconf 75' lang='lat' dir='ltr'>potius:</span> <span class='ocrx_word' id='word_1_171' title='bbox 454 2342 564 2385; x_wconf 83' lang='lat' dir='ltr'>sunt</span> <span class='ocrx_word' id='word_1_172' title='bbox 592 2335 717 2381; x_wconf 89' lang='lat' dir='ltr'>enim</span> <span class='ocrx_word' id='word_1_173' title='bbox 748 2334 869 2380; x_wconf 76' lang='lat' dir='ltr'>facta</span> <span class='ocrx_word' id='word_1_174' title='bbox 905 2332 1022 2391; x_wconf 84' lang='lat' dir='ltr'>ejus,</span> <span class='ocrx_word' id='word_1_175' title='bbox 1056 2327 1428 2388; x_wconf 80' lang='lat' dir='ltr'>immortalitatis,</span> <span class='ocrx_word' id='word_1_176' title='bbox 1467 2341 1563 2374; x_wconf 88' lang='lat' dir='ltr'>non</span> 
     </span>
     <span class='ocr_line' id='line_1_28' title="bbox 225 2390 1559 2458; baseline -0.005 -11"><span class='ocrx_word' id='word_1_177' title='bbox 225 2399 387 2447; x_wconf 64' lang='lat' dir='ltr'>etatis.</span> <span class='ocrx_word' id='word_1_178' title='bbox 436 2397 600 2446; x_wconf 84' lang='lat' dir='ltr'>Multa</span> <span class='ocrx_word' id='word_1_179' title='bbox 630 2397 838 2458; x_wconf 80' lang='lat' dir='ltr'>memini,</span> <span class='ocrx_word' id='word_1_180' title='bbox 873 2395 1025 2443; x_wconf 84' lang='lat' dir='ltr'>multa</span> <span class='ocrx_word' id='word_1_181' title='bbox 1056 2390 1230 2449; x_wconf 82' lang='lat' dir='ltr'>audivi,</span> <span class='ocrx_word' id='word_1_182' title='bbox 1252 2391 1404 2440; x_wconf 89' lang='lat' dir='ltr'>multa</span> <span class='ocrx_word' id='word_1_183' title='bbox 1433 2392 1452 2440; x_wconf 93' lang='lat'>1</span> <span class='ocrx_word' id='word_1_184' title='bbox 1511 2391 1523 2403; x_wconf 82' lang='lat'>‘</span> <span class='ocrx_word' id='word_1_185' title='bbox 1544 2409 1559 2440; x_wconf 72' lang='lat' dir='ltr'>t</span> 
     </span>
     <span class='ocr_line' id='line_1_29' title="bbox 225 2456 1562 2519; baseline -0.004 -9"><span class='ocrx_word' id='word_1_186' title='bbox 225 2463 347 2511; x_wconf 87' lang='lat' dir='ltr'>nihil</span> <span class='ocrx_word' id='word_1_187' title='bbox 362 2478 424 2512; x_wconf 87' lang='lat' dir='ltr'>ex</span> <span class='ocrx_word' id='word_1_188' title='bbox 438 2462 568 2511; x_wconf 83' lang='lat' dir='ltr'>omni</span> <span class='ocrx_word' id='word_1_189' title='bbox 584 2462 855 2510; x_wconf 81' lang='lat' dir='ltr'>saeculorum</span> <span class='ocrx_word' id='word_1_190' title='bbox 879 2457 1105 2507; x_wconf 62' lang='lat' dir='ltr'>memoria</span> <span class='ocrx_word' id='word_1_191' title='bbox 1118 2456 1210 2504; x_wconf 79' lang='lat' dir='ltr'>tale</span> <span class='ocrx_word' id='word_1_192' title='bbox 1225 2456 1429 2519; x_wconf 82' lang='lat' dir='ltr'>cognovi.</span> <span class='ocrx_word' id='word_1_193' title='bbox 1549 2456 1562 2468; x_wconf 88' lang='lat'>&#39;</span> 
     </span>
     <span class='ocr_line' id='line_1_30' title="bbox 227 2520 1563 2582; baseline -0.008 -3"><span class='ocrx_word' id='word_1_194' title='bbox 227 2531 359 2580; x_wconf 83' lang='lat' dir='ltr'>(cum</span> <span class='ocrx_word' id='word_1_195' title='bbox 376 2526 595 2575; x_wconf 81' lang='lat' dir='ltr'>servitute</span> <span class='ocrx_word' id='word_1_196' title='bbox 640 2523 995 2582; x_wconf 87' lang='lat' dir='ltr'>remeremur,in</span> <span class='ocrx_word' id='word_1_197' title='bbox 1016 2521 1113 2568; x_wconf 83' lang='lat' dir='ltr'>dies</span> <span class='ocrx_word' id='word_1_198' title='bbox 1132 2520 1312 2567; x_wconf 83' lang='lat' dir='ltr'>malum</span> <span class='ocrx_word' id='word_1_199' title='bbox 1333 2531 1563 2579; x_wconf 82' lang='lat' dir='ltr'>cresceret,</span> 
     </span>
     <span class='ocr_line' id='line_1_31' title="bbox 220 2585 1567 2656; baseline -0.008 -16"><span class='ocrx_word' id='word_1_200' title='bbox 220 2591 432 2655; x_wconf 66' lang='lat' dir='ltr'>praesidii</span> <span class='ocrx_word' id='word_1_201' title='bbox 462 2590 598 2644; x_wconf 88' lang='lat' dir='ltr'>nihil</span> <span class='ocrx_word' id='word_1_202' title='bbox 661 2592 889 2646; x_wconf 81' lang='lat' dir='ltr'>heremus,</span> <span class='ocrx_word' id='word_1_203' title='bbox 912 2586 1154 2648; x_wconf 81' lang='lat' dir='ltr'>capitalem</span> <span class='ocrx_word' id='word_1_204' title='bbox 1175 2592 1221 2631; x_wconf 85' lang='lat' dir='ltr'>et</span> <span class='ocrx_word' id='word_1_205' title='bbox 1251 2585 1516 2656; x_wconf 69' lang='lat' dir='ltr'>pestiferum</span> <span class='ocrx_word' id='word_1_206' title='bbox 1537 2597 1567 2629; x_wconf 84' lang='lat' dir='ltr'>a</span> 
     </span>
    </p>
   </div>
   <div class='ocr_carea' id='block_1_3' title="bbox 141 2648 1568 2708">
    <p class='ocr_par' dir='ltr' id='par_1_5' title="bbox 141 2648 1568 2708">
     <span class='ocr_line' id='line_1_32' title="bbox 141 2648 1568 2708; baseline -0.008 -3"><span class='ocrx_word' id='word_1_207' title='bbox 141 2649 146 2656; x_wconf 76' lang='grc'><strong>’</strong></span> <span class='ocrx_word' id='word_1_208' title='bbox 217 2654 480 2704; x_wconf 82' lang='lat' dir='ltr'>Brundisio</span> <span class='ocrx_word' id='word_1_209' title='bbox 512 2654 589 2703; x_wconf 89' lang='lat' dir='ltr'>M.</span> <span class='ocrx_word' id='word_1_210' title='bbox 611 2651 810 2702; x_wconf 81' lang='lat' dir='ltr'>Antonii</span> <span class='ocrx_word' id='word_1_211' title='bbox 841 2650 1042 2700; x_wconf 87' lang='lat' dir='ltr'>reditum</span> <span class='ocrx_word' id='word_1_212' title='bbox 1071 2648 1358 2708; x_wconf 78' lang='lat' dir='ltr'>timeremus)</span> <span class='ocrx_word' id='word_1_213' title='bbox 1389 2648 1476 2695; x_wconf 90' lang='lat' dir='ltr'>hoc</span> <span class='ocrx_word' id='word_1_214' title='bbox 1495 2660 1568 2692; x_wconf 85' lang='lat' dir='ltr'>m-</span> 
     </span>
    </p>
   </div>
  </div>
 </body>
</html>
