<?xml version="1.0" encoding="UTF-8"?>
<!DOCTYPE html PUBLIC "-//W3C//DTD XHTML 1.0 Transitional//EN"
    "http://www.w3.org/TR/xhtml1/DTD/xhtml1-transitional.dtd">
<html xmlns="http://www.w3.org/1999/xhtml" xml:lang="en" lang="en">
 <head>
  <title>
</title>
<meta http-equiv="Content-Type" content="text/html;charset=utf-8" />
  <meta name='ocr-system' content='tesseract 3.04.00' />
  <meta name='ocr-capabilities' content='ocr_page ocr_carea ocr_par ocr_line ocrx_word'/>
</head>
<body>
  <div class='ocr_page' id='page_1' title='image "./operaexeditioni05ernegoog_0397.png"; bbox 0 0 1858 3020; ppageno 0'>
   <div class='ocr_carea' id='block_1_1' title="bbox 499 141 1606 204">
    <p class='ocr_par' dir='ltr' id='par_1_1' title="bbox 499 141 1606 204">
     <span class='ocr_line' id='line_1_1' title="bbox 499 141 1606 204; baseline 0 -9"><span class='ocrx_word' id='word_1_1' title='bbox 499 142 915 196; x_wconf 82' lang='lat' dir='ltr'>PHILIPPICA</span> <span class='ocrx_word' id='word_1_2' title='bbox 941 141 1096 193; x_wconf 87' lang='lat' dir='ltr'>XIII.</span> <span class='ocrx_word' id='word_1_3' title='bbox 1129 143 1259 195; x_wconf 67' lang='lat' dir='ltr'><strong>Car.</strong></span> <span class='ocrx_word' id='word_1_4' title='bbox 1300 146 1384 195; x_wconf 61' lang='lat'><strong>11,</strong></span> <span class='ocrx_word' id='word_1_5' title='bbox 1507 147 1606 204; x_wconf 75' lang='lat'><strong>379</strong></span> 
     </span>
    </p>
   </div>
   <div class='ocr_carea' id='block_1_2' title="bbox 180 271 1624 2715">
    <p class='ocr_par' dir='ltr' id='par_1_2' title="bbox 180 271 1624 2715">
     <span class='ocr_line' id='line_1_2' title="bbox 253 271 1614 349; baseline 0.006 -31"><span class='ocrx_word' id='word_1_6' title='bbox 253 274 298 318; x_wconf 88' lang='lat'><strong>.“</strong></span> <span class='ocrx_word' id='word_1_7' title='bbox 320 271 519 323; x_wconf 79' lang='lat' dir='ltr'><strong>Dedisse</strong></span> <span class='ocrx_word' id='word_1_8' title='bbox 553 287 714 349; x_wconf 76' lang='lat' dir='ltr'><strong>poenas</strong></span> <span class='ocrx_word' id='word_1_9' title='bbox 755 272 1028 321; x_wconf 69' lang='lat' dir='ltr'><strong>sudantum</strong></span> <span class='ocrx_word' id='word_1_10' title='bbox 1061 272 1206 323; x_wconf 86' lang='lat' dir='ltr'><strong>cineri</strong></span> <span class='ocrx_word' id='word_1_11' title='bbox 1246 282 1388 340; x_wconf 86' lang='lat' dir='ltr'><strong>atque</strong></span> <span class='ocrx_word' id='word_1_12' title='bbox 1428 275 1614 326; x_wconf 72' lang='lat' dir='ltr'><strong>ossibus</strong></span> 
     </span>
     <span class='ocr_line' id='line_1_3' title="bbox 252 337 1610 401; baseline 0.003 -16"><span class='ocrx_word' id='word_1_13' title='bbox 252 337 502 390; x_wconf 75' lang='lat' dir='ltr'><strong>clarissimi</strong></span> <span class='ocrx_word' id='word_1_14' title='bbox 534 338 640 398; x_wconf 79' lang='lat' dir='ltr'><strong>viri,</strong></span> <span class='ocrx_word' id='word_1_15' title='bbox 676 346 723 385; x_wconf 88' lang='lat' dir='ltr'><strong>et</strong></span> <span class='ocrx_word' id='word_1_16' title='bbox 748 337 1013 401; x_wconf 75' lang='lat' dir='ltr'>apparuisse</span> <span class='ocrx_word' id='word_1_17' title='bbox 1039 352 1215 387; x_wconf 86' lang='lat' dir='ltr'><strong>numen</strong></span> <span class='ocrx_word' id='word_1_18' title='bbox 1240 338 1451 387; x_wconf 85' lang='lat' dir='ltr'>Deorum</span> <span class='ocrx_word' id='word_1_19' title='bbox 1484 340 1610 390; x_wconf 82' lang='lat' dir='ltr'><strong>intra</strong></span> 
     </span>
     <span class='ocr_line' id='line_1_4' title="bbox 255 401 1605 467; baseline 0.002 -17"><span class='ocrx_word' id='word_1_20' title='bbox 255 402 401 450; x_wconf 72' lang='lat' dir='ltr'><strong>fine·</strong></span> <span class='ocrx_word' id='word_1_21' title='bbox 423 401 537 450; x_wconf 88' lang='lat' dir='ltr'><strong>anni</strong></span> <span class='ocrx_word' id='word_1_22' title='bbox 557 401 790 461; x_wconf 74' lang='lat' dir='ltr'><strong>vertentis,</strong></span> <span class='ocrx_word' id='word_1_23' title='bbox 809 408 892 449; x_wconf 84' lang='lat' dir='ltr'><strong>aut</strong></span> <span class='ocrx_word' id='word_1_24' title='bbox 909 402 1011 462; x_wconf 86' lang='lat' dir='ltr'><strong>jam</strong></span> <span class='ocrx_word' id='word_1_25' title='bbox 1033 403 1183 450; x_wconf 90' lang='lat' dir='ltr'><strong>soluto</strong></span> <span class='ocrx_word' id='word_1_26' title='bbox 1212 419 1300 467; x_wconf 89' lang='lat' dir='ltr'><strong>sup</strong></span> <span class='ocrx_word' id='word_1_27' title='bbox 1331 404 1436 456; x_wconf 83' lang='lat' dir='ltr'><strong>licio</strong></span> <span class='ocrx_word' id='word_1_28' title='bbox 1456 406 1605 467; x_wconf 80' lang='lat' dir='ltr'><strong>parri-</strong></span> 
     </span>
     <span class='ocr_line' id='line_1_5' title="bbox 254 465 1601 531; baseline 0.002 -17"><span class='ocrx_word' id='word_1_29' title='bbox 254 466 382 526; x_wconf 80' lang='lat' dir='ltr'><strong>cidii,</strong></span> <span class='ocrx_word' id='word_1_30' title='bbox 408 474 492 514; x_wconf 87' lang='lat' dir='ltr'><strong>aut</strong></span> <span class='ocrx_word' id='word_1_31' title='bbox 510 465 823 529; x_wconf 82' lang='lat' dir='ltr'><strong>impendente,</strong></span> <span class='ocrx_word' id='word_1_32' title='bbox 849 465 1106 514; x_wconf 74' lang='lat' dir='ltr'><strong>laetandum</strong></span> <span class='ocrx_word' id='word_1_33' title='bbox 1126 468 1246 515; x_wconf 87' lang='lat' dir='ltr'><strong>est.’&#39;</strong></span> <span class='ocrx_word' id='word_1_34' title='bbox 1350 469 1566 531; x_wconf 75' lang='lat' dir='ltr'><strong>Spartace</strong></span> <span class='ocrx_word' id='word_1_35' title='bbox 1586 470 1601 517; x_wconf 82' lang='lat' dir='ltr'><strong>l</strong></span> 
     </span>
     <span class='ocr_line' id='line_1_6' title="bbox 252 530 1610 595; baseline 0.001 -17"><span class='ocrx_word' id='word_1_36' title='bbox 252 534 424 594; x_wconf 82' lang='lat' dir='ltr'><strong>(quem</strong></span> <span class='ocrx_word' id='word_1_37' title='bbox 444 530 570 578; x_wconf 88' lang='lat' dir='ltr'><strong>enim</strong></span> <span class='ocrx_word' id='word_1_38' title='bbox 592 539 638 577; x_wconf 83' lang='lat' dir='ltr'><strong>te</strong></span> <span class='ocrx_word' id='word_1_39' title='bbox 722 530 814 577; x_wconf 83' lang='lat' dir='ltr'><strong>tius</strong></span> <span class='ocrx_word' id='word_1_40' title='bbox 834 545 894 594; x_wconf 88' lang='lat' dir='ltr'><strong>ap</strong></span> <span class='ocrx_word' id='word_1_41' title='bbox 990 546 1065 578; x_wconf 90' lang='lat' dir='ltr'><strong>em</strong></span> <span class='ocrx_word' id='word_1_42' title='bbox 1081 532 1126 589; x_wconf 82' lang='lat'><strong>?)</strong></span> <span class='ocrx_word' id='word_1_43' title='bbox 1161 533 1295 593; x_wconf 85' lang='lat' dir='ltr'><strong>cujus</strong></span> <span class='ocrx_word' id='word_1_44' title='bbox 1313 540 1501 595; x_wconf 85' lang='lat' dir='ltr'><strong>propter</strong></span> <span class='ocrx_word' id='word_1_45' title='bbox 1523 548 1610 581; x_wconf 89' lang='lat' dir='ltr'><strong>ne-</strong></span> 
     </span>
     <span class='ocr_line' id='line_1_7' title="bbox 249 593 1608 655; baseline 0.001 -12"><span class='ocrx_word' id='word_1_46' title='bbox 249 594 374 643; x_wconf 80' lang='lat' dir='ltr'><strong>faria</strong></span> <span class='ocrx_word' id='word_1_47' title='bbox 394 594 585 655; x_wconf 85' lang='lat' dir='ltr'><strong>scelera,</strong></span> <span class='ocrx_word' id='word_1_48' title='bbox 614 602 662 642; x_wconf 84' lang='lat' dir='ltr'><strong>to</strong></span> <span class='ocrx_word' id='word_1_49' title='bbox 681 593 864 642; x_wconf 85' lang='lat' dir='ltr'><strong>erabilis</strong></span> <span class='ocrx_word' id='word_1_50' title='bbox 941 594 951 604; x_wconf 89' lang='grc'><em>“</em></span> <span class='ocrx_word' id='word_1_51' title='bbox 978 610 1025 642; x_wconf 89' lang='lat' dir='ltr'><strong>se</strong></span> <span class='ocrx_word' id='word_1_52' title='bbox 1053 594 1234 643; x_wconf 85' lang='lat' dir='ltr'><strong>videtur</strong></span> <span class='ocrx_word' id='word_1_53' title='bbox 1258 594 1489 650; x_wconf 77' lang='lat' dir='ltr'><strong>Catilina:</strong></span> <span class='ocrx_word' id='word_1_54' title='bbox 1524 595 1608 645; x_wconf 80' lang='lat' dir='ltr'><strong>lae-</strong></span> 
     </span>
     <span class='ocr_line' id='line_1_8' title="bbox 251 657 1606 727; baseline 0.002 -20"><span class='ocrx_word' id='word_1_55' title='bbox 251 657 455 707; x_wconf 67' lang='lat' dir='ltr'><strong>iandum</strong></span> <span class='ocrx_word' id='word_1_56' title='bbox 476 674 595 717; x_wconf 81' lang='lat' dir='ltr'><strong>esse,</strong></span> <span class='ocrx_word' id='word_1_57' title='bbox 628 674 766 707; x_wconf 86' lang='lat' dir='ltr'><strong>ausus</strong></span> <span class='ocrx_word' id='word_1_58' title='bbox 794 674 842 706; x_wconf 85' lang='lat' dir='ltr'><strong>es</strong></span> <span class='ocrx_word' id='word_1_59' title='bbox 871 658 1083 719; x_wconf 84' lang='lat' dir='ltr'><strong>scribere,</strong></span> <span class='ocrx_word' id='word_1_60' title='bbox 1111 659 1400 727; x_wconf 80' lang='lat' dir='ltr'><strong>Trebonium</strong></span> <span class='ocrx_word' id='word_1_61' title='bbox 1430 660 1606 710; x_wconf 82' lang='lat' dir='ltr'><strong>dedisse</strong></span> 
     </span>
     <span class='ocr_line' id='line_1_9' title="bbox 249 722 1607 788; baseline 0.001 -17"><span class='ocrx_word' id='word_1_62' title='bbox 249 738 415 787; x_wconf 85' lang='lat' dir='ltr'><strong>poenas</strong></span> <span class='ocrx_word' id='word_1_63' title='bbox 431 726 454 771; x_wconf 73' lang='grc' dir='ltr'><strong>ἒ</strong></span> <span class='ocrx_word' id='word_1_64' title='bbox 486 724 759 771; x_wconf 84' lang='lat' dir='ltr'><strong>sceleratum</strong></span> <span class='ocrx_word' id='word_1_65' title='bbox 799 722 1089 773; x_wconf 83' lang='lat' dir='ltr'><strong>Trebonium</strong></span> <span class='ocrx_word' id='word_1_66' title='bbox 1104 723 1127 769; x_wconf 72' lang='grc' dir='ltr'>Ρ</span> <span class='ocrx_word' id='word_1_67' title='bbox 1161 740 1256 788; x_wconf 86' lang='lat' dir='ltr'><strong>quo</strong></span> <span class='ocrx_word' id='word_1_68' title='bbox 1293 725 1477 783; x_wconf 80' lang='lat' dir='ltr'><strong>scelere,</strong></span> <span class='ocrx_word' id='word_1_69' title='bbox 1516 724 1607 773; x_wconf 89' lang='lat' dir='ltr'><strong>nisi</strong></span> 
     </span>
     <span class='ocr_line' id='line_1_10' title="bbox 250 786 1602 853; baseline 0.004 -19"><span class='ocrx_word' id='word_1_70' title='bbox 250 787 383 851; x_wconf 86' lang='lat' dir='ltr'><strong>quod</strong></span> <span class='ocrx_word' id='word_1_71' title='bbox 400 796 465 847; x_wconf 87' lang='lat' dir='ltr'><strong>te,</strong></span> <span class='ocrx_word' id='word_1_72' title='bbox 487 786 653 835; x_wconf 86' lang='lat' dir='ltr'><strong>Idibus</strong></span> <span class='ocrx_word' id='word_1_73' title='bbox 674 786 879 846; x_wconf 87' lang='lat' dir='ltr'><strong>Martiis,</strong></span> <span class='ocrx_word' id='word_1_74' title='bbox 902 803 933 835; x_wconf 91' lang='lat' dir='ltr'><strong>a</strong></span> <span class='ocrx_word' id='word_1_75' title='bbox 950 787 1109 841; x_wconf 65' lang='lat' dir='ltr'><strong>debita</strong></span> <span class='ocrx_word' id='word_1_76' title='bbox 1130 788 1215 850; x_wconf 76' lang='lat' dir='ltr'><strong>tibi</strong></span> <span class='ocrx_word' id='word_1_77' title='bbox 1235 799 1366 853; x_wconf 86' lang='lat' dir='ltr'><strong>peste</strong></span> <span class='ocrx_word' id='word_1_78' title='bbox 1381 788 1602 839; x_wconf 79' lang='lat' dir='ltr'><strong>seduxit?</strong></span> 
     </span>
     <span class='ocr_line' id='line_1_11' title="bbox 478 851 1604 916; baseline 0.004 -17"><span class='ocrx_word' id='word_1_79' title='bbox 478 851 568 899; x_wconf 84' lang='lat' dir='ltr'><strong>hoe</strong></span> <span class='ocrx_word' id='word_1_80' title='bbox 595 851 761 899; x_wconf 78' lang='lat' dir='ltr'><strong>laetaris</strong></span> <span class='ocrx_word' id='word_1_81' title='bbox 776 869 805 899; x_wconf 59' lang='lat' dir='ltr'><strong>=v</strong></span> <span class='ocrx_word' id='word_1_82' title='bbox 825 852 1081 911; x_wconf 80' lang='lat' dir='ltr'><strong>videamus,</strong></span> <span class='ocrx_word' id='word_1_83' title='bbox 1109 852 1222 916; x_wconf 90' lang='lat' dir='ltr'><strong>quid</strong></span> <span class='ocrx_word' id='word_1_84' title='bbox 1250 854 1440 901; x_wconf 82' lang='lat' dir='ltr'><strong>moleste</strong></span> <span class='ocrx_word' id='word_1_85' title='bbox 1469 852 1604 903; x_wconf 80' lang='lat' dir='ltr'><strong>feras.</strong></span> 
     </span>
     <span class='ocr_line' id='line_1_12' title="bbox 250 915 1601 980; baseline 0.001 -16"><span class='ocrx_word' id='word_1_86' title='bbox 250 917 296 946; x_wconf 73' lang='lat'><strong>⁴⁶</strong></span> <span class='ocrx_word' id='word_1_87' title='bbox 312 916 513 964; x_wconf 83' lang='lat' dir='ltr'><strong>Hostem</strong></span> <span class='ocrx_word' id='word_1_88' title='bbox 539 915 800 977; x_wconf 83' lang='lat' dir='ltr'><strong>judicatum</strong></span> <span class='ocrx_word' id='word_1_89' title='bbox 832 916 922 965; x_wconf 88' lang='lat' dir='ltr'><strong>hoc</strong></span> <span class='ocrx_word' id='word_1_90' title='bbox 952 924 1046 963; x_wconf 74' lang='lat' dir='ltr'><strong>tem</strong></span> <span class='ocrx_word' id='word_1_91' title='bbox 1108 932 1158 964; x_wconf 90' lang='lat' dir='ltr'><strong>re</strong></span> <span class='ocrx_word' id='word_1_92' title='bbox 1189 916 1501 976; x_wconf 79' lang='lat' dir='ltr'><strong>Dolabellam,</strong></span> <span class='ocrx_word' id='word_1_93' title='bbox 1528 934 1601 980; x_wconf 90' lang='lat' dir='ltr'><strong>eo,</strong></span> 
     </span>
     <span class='ocr_line' id='line_1_13' title="bbox 284 980 1604 1045; baseline 0.002 -17"><span class='ocrx_word' id='word_1_94' title='bbox 284 980 383 1028; x_wconf 86' lang='lat' dir='ltr'><strong>uod</strong></span> <span class='ocrx_word' id='word_1_95' title='bbox 410 980 626 1028; x_wconf 75' lang='lat' dir='ltr'><strong>sicarium</strong></span> <span class='ocrx_word' id='word_1_96' title='bbox 661 980 891 1041; x_wconf 84' lang='lat' dir='ltr'><strong>occiderit,</strong></span> <span class='ocrx_word' id='word_1_97' title='bbox 914 988 961 1028; x_wconf 86' lang='lat' dir='ltr'><strong>et</strong></span> <span class='ocrx_word' id='word_1_98' title='bbox 994 980 1041 1028; x_wconf 89' lang='lat' dir='ltr'><strong>vi</strong></span> <span class='ocrx_word' id='word_1_99' title='bbox 1073 981 1139 1028; x_wconf 89' lang='lat' dir='ltr'><strong>eri</strong></span> <span class='ocrx_word' id='word_1_100' title='bbox 1175 982 1393 1029; x_wconf 90' lang='lat' dir='ltr'><strong>cariorem</strong></span> <span class='ocrx_word' id='word_1_101' title='bbox 1426 980 1604 1045; x_wconf 89' lang='lat' dir='ltr'><strong>populo</strong></span> 
     </span>
     <span class='ocr_line' id='line_1_14' title="bbox 383 1044 1603 1109; baseline 0.002 -17"><span class='ocrx_word' id='word_1_102' title='bbox 383 1060 474 1092; x_wconf 82' lang='lat' dir='ltr'><strong>ano</strong></span> <span class='ocrx_word' id='word_1_103' title='bbox 509 1044 663 1092; x_wconf 86' lang='lat' dir='ltr'><strong>filium</strong></span> <span class='ocrx_word' id='word_1_104' title='bbox 690 1059 875 1104; x_wconf 85' lang='lat' dir='ltr'><strong>scurrae,</strong></span> <span class='ocrx_word' id='word_1_105' title='bbox 912 1060 1056 1108; x_wconf 87' lang='lat' dir='ltr'><strong>quam</strong></span> <span class='ocrx_word' id='word_1_106' title='bbox 1081 1044 1140 1095; x_wconf 86' lang='lat' dir='ltr'><strong>C.</strong></span> <span class='ocrx_word' id='word_1_107' title='bbox 1170 1044 1418 1105; x_wconf 67' lang='lat' dir='ltr'><strong>Caesarem,</strong></span> <span class='ocrx_word' id='word_1_108' title='bbox 1440 1046 1603 1109; x_wconf 80' lang='lat' dir='ltr'><strong>patriae</strong></span> 
     </span>
     <span class='ocr_line' id='line_1_15' title="bbox 398 1108 1624 1173; baseline 0.001 -16"><span class='ocrx_word' id='word_1_109' title='bbox 398 1117 512 1166; x_wconf 84' lang='lat' dir='ltr'><strong>tem,</strong></span> <span class='ocrx_word' id='word_1_110' title='bbox 546 1108 944 1172; x_wconf 87' lang='lat' dir='ltr'><strong>ingemiscendum</strong></span> <span class='ocrx_word' id='word_1_111' title='bbox 985 1109 1102 1156; x_wconf 83' lang='lat' dir='ltr'><strong>est.’&#39;</strong></span> <span class='ocrx_word' id='word_1_112' title='bbox 1136 1108 1267 1169; x_wconf 87' lang='lat' dir='ltr'><strong>Quid</strong></span> <span class='ocrx_word' id='word_1_113' title='bbox 1286 1113 1309 1158; x_wconf 73' lang='grc' dir='ltr'><strong>ἒ</strong></span> <span class='ocrx_word' id='word_1_114' title='bbox 1340 1109 1624 1173; x_wconf 71' lang='lat' dir='ltr'><strong>ingemiscis</strong></span> 
     </span>
     <span class='ocr_line' id='line_1_16' title="bbox 286 1172 1601 1237; baseline 0.001 -16"><span class='ocrx_word' id='word_1_115' title='bbox 286 1181 435 1221; x_wconf 88' lang='lat' dir='ltr'><strong>ostem</strong></span> <span class='ocrx_word' id='word_1_116' title='bbox 472 1172 768 1222; x_wconf 75' lang='lat' dir='ltr'><strong>Dolabellam</strong></span> <span class='ocrx_word' id='word_1_117' title='bbox 801 1173 1097 1233; x_wconf 80' lang='lat' dir='ltr'><strong>judicatum?</strong></span> <span class='ocrx_word' id='word_1_118' title='bbox 1131 1174 1245 1237; x_wconf 88' lang='lat' dir='ltr'><strong>quid</strong></span> <span class='ocrx_word' id='word_1_119' title='bbox 1264 1177 1287 1222; x_wconf 72' lang='grc' dir='ltr'><strong>ἒ</strong></span> <span class='ocrx_word' id='word_1_120' title='bbox 1322 1184 1366 1222; x_wconf 85' lang='lat' dir='ltr'><strong>te</strong></span> <span class='ocrx_word' id='word_1_121' title='bbox 1399 1188 1493 1222; x_wconf 89' lang='lat' dir='ltr'><strong>non</strong></span> <span class='ocrx_word' id='word_1_122' title='bbox 1527 1174 1601 1222; x_wconf 91' lang='lat' dir='ltr'><strong>in-</strong></span> 
     </span>
     <span class='ocr_line' id='line_1_17' title="bbox 250 1236 1598 1300; baseline 0.001 -15"><span class='ocrx_word' id='word_1_123' title='bbox 250 1237 440 1300; x_wconf 83' lang='lat' dir='ltr'><strong>telligis,</strong></span> <span class='ocrx_word' id='word_1_124' title='bbox 462 1237 642 1285; x_wconf 88' lang='lat' dir='ltr'><strong>delectu</strong></span> <span class='ocrx_word' id='word_1_125' title='bbox 663 1236 763 1285; x_wconf 57' lang='lat' dir='ltr'><strong>tota</strong></span> <span class='ocrx_word' id='word_1_126' title='bbox 785 1237 926 1284; x_wconf 60' lang='lat' dir='ltr'><strong>Italia</strong></span> <span class='ocrx_word' id='word_1_127' title='bbox 946 1237 1122 1296; x_wconf 86' lang='lat' dir='ltr'><strong>habito,</strong></span> <span class='ocrx_word' id='word_1_128' title='bbox 1146 1237 1409 1286; x_wconf 88' lang='lat' dir='ltr'><strong>consulibus</strong></span> <span class='ocrx_word' id='word_1_129' title='bbox 1429 1237 1598 1299; x_wconf 88' lang='lat' dir='ltr'><strong>missis,</strong></span> 
     </span>
     <span class='ocr_line' id='line_1_18' title="bbox 235 1300 1600 1364; baseline 0.001 -16"><span class='ocrx_word' id='word_1_130' title='bbox 235 1301 437 1349; x_wconf 32' lang='lat' dir='ltr'><strong>“Caesare</strong></span> <span class='ocrx_word' id='word_1_131' title='bbox 456 1310 635 1361; x_wconf 86' lang='lat' dir='ltr'><strong>ornato,</strong></span> <span class='ocrx_word' id='word_1_132' title='bbox 659 1302 779 1364; x_wconf 82' lang='lat' dir='ltr'><strong>sagis</strong></span> <span class='ocrx_word' id='word_1_133' title='bbox 801 1300 908 1348; x_wconf 88' lang='lat' dir='ltr'><strong>deni</strong></span> <span class='ocrx_word' id='word_1_134' title='bbox 942 1317 1001 1348; x_wconf 92' lang='lat' dir='ltr'><strong>ue</strong></span> <span class='ocrx_word' id='word_1_135' title='bbox 1023 1302 1206 1362; x_wconf 86' lang='lat' dir='ltr'><strong>sumtis,</strong></span> <span class='ocrx_word' id='word_1_136' title='bbox 1228 1300 1406 1350; x_wconf 83' lang='lat' dir='ltr'><strong>hostem</strong></span> <span class='ocrx_word' id='word_1_137' title='bbox 1420 1302 1600 1363; x_wconf 86' lang='lat' dir='ltr'><strong>judica-</strong></span> 
     </span>
     <span class='ocr_line' id='line_1_19' title="bbox 247 1365 1600 1428; baseline 0.001 -15"><span class='ocrx_word' id='word_1_138' title='bbox 247 1374 357 1413; x_wconf 86' lang='lat' dir='ltr'><strong>tum</strong></span> <span class='ocrx_word' id='word_1_139' title='bbox 371 1368 395 1414; x_wconf 71' lang='grc' dir='ltr'><strong><em>ἓ</em></strong></span> <span class='ocrx_word' id='word_1_140' title='bbox 428 1365 559 1426; x_wconf 88' lang='lat' dir='ltr'><strong>Quid</strong></span> <span class='ocrx_word' id='word_1_141' title='bbox 576 1374 644 1414; x_wconf 85' lang='lat' dir='ltr'><strong>est</strong></span> <span class='ocrx_word' id='word_1_142' title='bbox 655 1375 829 1425; x_wconf 82' lang='lat' dir='ltr'><strong>autem,</strong></span> <span class='ocrx_word' id='word_1_143' title='bbox 935 1373 1072 1424; x_wconf 85' lang='lat' dir='ltr'><strong>erate,</strong></span> <span class='ocrx_word' id='word_1_144' title='bbox 1088 1365 1213 1428; x_wconf 90' lang='lat' dir='ltr'><strong>quod</strong></span> <span class='ocrx_word' id='word_1_145' title='bbox 1228 1381 1403 1428; x_wconf 86' lang='lat' dir='ltr'><strong>gemas,</strong></span> <span class='ocrx_word' id='word_1_146' title='bbox 1419 1366 1600 1415; x_wconf 89' lang='lat' dir='ltr'><strong>hostem</strong></span> 
     </span>
     <span class='ocr_line' id='line_1_20' title="bbox 247 1429 1597 1495; baseline 0.002 -18"><span class='ocrx_word' id='word_1_147' title='bbox 247 1429 551 1477; x_wconf 80' lang='lat' dir='ltr'><strong>Dolabellam</strong></span> <span class='ocrx_word' id='word_1_148' title='bbox 579 1430 843 1492; x_wconf 81' lang='lat' dir='ltr'><strong>judicatum</strong></span> <span class='ocrx_word' id='word_1_149' title='bbox 860 1445 890 1477; x_wconf 91' lang='lat' dir='ltr'><strong>a</strong></span> <span class='ocrx_word' id='word_1_150' title='bbox 909 1430 1107 1477; x_wconf 79' lang='lat' dir='ltr'><strong>senatu?</strong></span> <span class='ocrx_word' id='word_1_151' title='bbox 1139 1445 1282 1495; x_wconf 89' lang='lat' dir='ltr'><strong>quem</strong></span> <span class='ocrx_word' id='word_1_152' title='bbox 1311 1439 1364 1477; x_wconf 84' lang='lat' dir='ltr'><strong>tu</strong></span> <span class='ocrx_word' id='word_1_153' title='bbox 1384 1430 1597 1480; x_wconf 89' lang='lat' dir='ltr'><strong>ordinem</strong></span> 
     </span>
     <span class='ocr_line' id='line_1_21' title="bbox 236 1494 1595 1559; baseline 0.003 -18"><span class='ocrx_word' id='word_1_154' title='bbox 236 1494 447 1544; x_wconf 70' lang='lat' dir='ltr'><strong>omnino</strong></span> <span class='ocrx_word' id='word_1_155' title='bbox 475 1510 571 1544; x_wconf 84' lang='lat' dir='ltr'><strong>esse</strong></span> <span class='ocrx_word' id='word_1_156' title='bbox 606 1495 792 1542; x_wconf 87' lang='lat' dir='ltr'><strong>nullum</strong></span> <span class='ocrx_word' id='word_1_157' title='bbox 825 1502 994 1559; x_wconf 80' lang='lat' dir='ltr'><strong>putas;</strong></span> <span class='ocrx_word' id='word_1_158' title='bbox 1028 1494 1110 1544; x_wconf 84' lang='lat' dir='ltr'><strong>sed</strong></span> <span class='ocrx_word' id='word_1_159' title='bbox 1148 1510 1252 1544; x_wconf 84' lang='lat' dir='ltr'><strong>eam</strong></span> <span class='ocrx_word' id='word_1_160' title='bbox 1287 1495 1373 1544; x_wconf 89' lang='lat' dir='ltr'><strong>tibi</strong></span> <span class='ocrx_word' id='word_1_161' title='bbox 1407 1512 1595 1546; x_wconf 84' lang='lat' dir='ltr'><strong>causam</strong></span> 
     </span>
     <span class='ocr_line' id='line_1_22' title="bbox 246 1559 1598 1624; baseline 0.001 -15"><span class='ocrx_word' id='word_1_162' title='bbox 246 1559 364 1609; x_wconf 83' lang='lat' dir='ltr'><strong>belli</strong></span> <span class='ocrx_word' id='word_1_163' title='bbox 385 1559 573 1622; x_wconf 86' lang='lat' dir='ltr'><strong>gerendi</strong></span> <span class='ocrx_word' id='word_1_164' title='bbox 604 1560 837 1623; x_wconf 85' lang='lat' dir='ltr'><strong>proponis,</strong></span> <span class='ocrx_word' id='word_1_165' title='bbox 868 1568 923 1607; x_wconf 89' lang='lat' dir='ltr'><strong>ut</strong></span> <span class='ocrx_word' id='word_1_166' title='bbox 951 1570 1161 1609; x_wconf 84' lang='lat' dir='ltr'><strong>senatum</strong></span> <span class='ocrx_word' id='word_1_167' title='bbox 1181 1560 1391 1609; x_wconf 84' lang='lat' dir='ltr'><strong>funditus</strong></span> <span class='ocrx_word' id='word_1_168' title='bbox 1421 1562 1598 1624; x_wconf 83' lang='lat' dir='ltr'><strong>deleas,</strong></span> 
     </span>
     <span class='ocr_line' id='line_1_23' title="bbox 230 1624 1593 1687; baseline 0.002 -16"><span class='ocrx_word' id='word_1_169' title='bbox 230 1624 420 1687; x_wconf 80' lang='lat' dir='ltr'><strong>‚reliqui</strong></span> <span class='ocrx_word' id='word_1_170' title='bbox 447 1625 557 1677; x_wconf 89' lang='lat' dir='ltr'><strong>boni</strong></span> <span class='ocrx_word' id='word_1_171' title='bbox 586 1632 633 1671; x_wconf 84' lang='lat' dir='ltr'><strong>et</strong></span> <span class='ocrx_word' id='word_1_172' title='bbox 655 1625 906 1687; x_wconf 85' lang='lat' dir='ltr'><strong>locupletes</strong></span> <span class='ocrx_word' id='word_1_173' title='bbox 932 1639 1091 1674; x_wconf 87' lang='lat' dir='ltr'><strong>omnes</strong></span> <span class='ocrx_word' id='word_1_174' title='bbox 1122 1640 1361 1685; x_wconf 80' lang='lat' dir='ltr'><strong>summum</strong></span> <span class='ocrx_word' id='word_1_175' title='bbox 1382 1626 1593 1674; x_wconf 86' lang='lat' dir='ltr'><strong>ordinem</strong></span> 
     </span>
     <span class='ocr_line' id='line_1_24' title="bbox 244 1688 1594 1753; baseline 0.002 -17"><span class='ocrx_word' id='word_1_176' title='bbox 244 1690 605 1752; x_wconf 74' lang='lat' dir='ltr'><strong>mbsequantur.</strong></span> <span class='ocrx_word' id='word_1_177' title='bbox 634 1688 709 1736; x_wconf 83' lang='lat' dir='ltr'><strong>At</strong></span> <span class='ocrx_word' id='word_1_178' title='bbox 722 1703 889 1736; x_wconf 74' lang='lat' dir='ltr'><strong>scurras</strong></span> <span class='ocrx_word' id='word_1_179' title='bbox 903 1688 1055 1735; x_wconf 87' lang='lat' dir='ltr'><strong>filium</strong></span> <span class='ocrx_word' id='word_1_180' title='bbox 1071 1690 1287 1753; x_wconf 75' lang='lat' dir='ltr'><strong>appellat.</strong></span> <span class='ocrx_word' id='word_1_181' title='bbox 1321 1689 1471 1749; x_wconf 87' lang='lat' dir='ltr'><strong>Quasi</strong></span> <span class='ocrx_word' id='word_1_182' title='bbox 1485 1706 1594 1739; x_wconf 85' lang='lat' dir='ltr'><strong>vero</strong></span> 
     </span>
     <span class='ocr_line' id='line_1_25' title="bbox 242 1750 1594 1817; baseline 0.001 -17"><span class='ocrx_word' id='word_1_183' title='bbox 242 1752 438 1816; x_wconf 84' lang='lat' dir='ltr'><strong>ignotus</strong></span> <span class='ocrx_word' id='word_1_184' title='bbox 458 1753 591 1802; x_wconf 86' lang='lat' dir='ltr'><strong>nobis</strong></span> <span class='ocrx_word' id='word_1_185' title='bbox 609 1752 750 1800; x_wconf 83' lang='lat' dir='ltr'><strong>fuerit</strong></span> <span class='ocrx_word' id='word_1_186' title='bbox 763 1750 1029 1814; x_wconf 87' lang='lat' dir='ltr'><strong>splendidus</strong></span> <span class='ocrx_word' id='word_1_187' title='bbox 1042 1769 1182 1817; x_wconf 82' lang='lat' dir='ltr'><strong>eques</strong></span> <span class='ocrx_word' id='word_1_188' title='bbox 1194 1753 1454 1815; x_wconf 83' lang='lat' dir='ltr'><strong>Romanus,</strong></span> <span class='ocrx_word' id='word_1_189' title='bbox 1473 1753 1594 1802; x_wconf 79' lang='lat' dir='ltr'><strong>Tre-</strong></span> 
     </span>
     <span class='ocr_line' id='line_1_26' title="bbox 244 1816 1591 1893; baseline 0.001 -27"><span class='ocrx_word' id='word_1_190' title='bbox 244 1816 380 1866; x_wconf 84' lang='lat' dir='ltr'><strong>bonii</strong></span> <span class='ocrx_word' id='word_1_191' title='bbox 404 1825 553 1881; x_wconf 67' lang='lat' dir='ltr'><strong>pater.</strong></span> <span class='ocrx_word' id='word_1_192' title='bbox 585 1818 646 1892; x_wconf 49' lang='lat' dir='ltr'><strong>Is·</strong></span> <span class='ocrx_word' id='word_1_193' title='bbox 668 1823 825 1864; x_wconf 85' lang='lat' dir='ltr'><strong>autem</strong></span> <span class='ocrx_word' id='word_1_194' title='bbox 854 1816 1168 1893; x_wconf 67' lang='lat' dir='ltr'><strong>bumilitatem</strong></span> <span class='ocrx_word' id='word_1_195' title='bbox 1193 1816 1424 1892; x_wconf 74' lang='lat' dir='ltr'><strong>despicere</strong></span> <span class='ocrx_word' id='word_1_196' title='bbox 1451 1819 1591 1867; x_wconf 86' lang='lat' dir='ltr'><strong>audet</strong></span> 
     </span>
     <span class='ocr_line' id='line_1_27' title="bbox 226 1879 1587 2009; baseline 0.001 -16"><span class='ocrx_word' id='word_1_197' title='bbox 226 1879 1481 2009; x_wconf 43' lang='lat' dir='ltr'><strong>,affugmsscffiffiffiavzurofflaeestgbffsfiirffi</strong></span> <span class='ocrx_word' id='word_1_198' title='bbox 1512 1962 1587 1995; x_wconf 90' lang='lat' dir='ltr'><strong>or-</strong></span> 
     </span>
     <span class='ocr_line' id='line_1_28' title="bbox 243 2007 1591 2074; baseline -0.001 -15"><span class='ocrx_word' id='word_1_199' title='bbox 243 2017 416 2059; x_wconf 79' lang='lat' dir='ltr'><strong>natum</strong></span> <span class='ocrx_word' id='word_1_200' title='bbox 441 2007 585 2074; x_wconf 91' lang='lat' dir='ltr'><strong>[esse]</strong></span> <span class='ocrx_word' id='word_1_201' title='bbox 608 2009 836 2059; x_wconf 83' lang='lat' dir='ltr'><strong>beneficiis</strong></span> <span class='ocrx_word' id='word_1_202' title='bbox 849 2011 1060 2072; x_wconf 68' lang='lat' dir='ltr'><strong>Caesaris,</strong></span> <span class='ocrx_word' id='word_1_203' title='bbox 1084 2022 1129 2061; x_wconf 84' lang='lat' dir='ltr'><strong>et</strong></span> <span class='ocrx_word' id='word_1_204' title='bbox 1144 2012 1285 2059; x_wconf 85' lang='lat' dir='ltr'><strong>talem</strong></span> <span class='ocrx_word' id='word_1_205' title='bbox 1310 2013 1370 2059; x_wconf 83' lang='lat' dir='ltr'><strong>ab</strong></span> <span class='ocrx_word' id='word_1_206' title='bbox 1387 2026 1441 2058; x_wconf 92' lang='lat' dir='ltr'><strong>eo</strong></span> <span class='ocrx_word' id='word_1_207' title='bbox 1457 2011 1591 2058; x_wconf 75' lang='lat' dir='ltr'><strong>relic·</strong></span> 
     </span>
     <span class='ocr_line' id='line_1_29' title="bbox 242 2074 1586 2138; baseline -0.001 -15"><span class='ocrx_word' id='word_1_208' title='bbox 242 2083 371 2134; x_wconf 82' lang='lat' dir='ltr'><strong>tum,</strong></span> <span class='ocrx_word' id='word_1_209' title='bbox 390 2075 580 2138; x_wconf 88' lang='lat' dir='ltr'><strong>qualem</strong></span> <span class='ocrx_word' id='word_1_210' title='bbox 599 2074 697 2138; x_wconf 86' lang='lat' dir='ltr'><strong>ipse</strong></span> <span class='ocrx_word' id='word_1_211' title='bbox 716 2075 1029 2133; x_wconf 78' lang='lat' dir='ltr'><strong>miraris,&#39;&#39;....</strong></span> <span class='ocrx_word' id='word_1_212' title='bbox 1044 2074 1286 2138; x_wconf 88' lang='lat' dir='ltr'><strong>Equidem</strong></span> <span class='ocrx_word' id='word_1_213' title='bbox 1302 2086 1470 2135; x_wconf 85' lang='lat' dir='ltr'><strong>negare</strong></span> <span class='ocrx_word' id='word_1_214' title='bbox 1490 2088 1586 2122; x_wconf 89' lang='lat' dir='ltr'><strong>non</strong></span> 
     </span>
     <span class='ocr_line' id='line_1_30' title="bbox 241 2136 1594 2202; baseline -0.001 -16"><span class='ocrx_word' id='word_1_215' title='bbox 241 2153 458 2202; x_wconf 81' lang='lat' dir='ltr'><strong>possum,</strong></span> <span class='ocrx_word' id='word_1_216' title='bbox 478 2156 509 2186; x_wconf 85' lang='lat' dir='ltr'><strong>a</strong></span> <span class='ocrx_word' id='word_1_217' title='bbox 529 2139 708 2188; x_wconf 82' lang='lat' dir='ltr'><strong>Caesare</strong></span> <span class='ocrx_word' id='word_1_218' title='bbox 730 2140 944 2187; x_wconf 89' lang='lat' dir='ltr'><strong>Hirtium</strong></span> <span class='ocrx_word' id='word_1_219' title='bbox 965 2149 1181 2187; x_wconf 85' lang='lat' dir='ltr'><strong>ornatum</strong></span> <span class='ocrx_word' id='word_1_220' title='bbox 1200 2155 1215 2185; x_wconf 76' lang='lat' dir='ltr'><em>z</em></span> <span class='ocrx_word' id='word_1_221' title='bbox 1252 2136 1331 2184; x_wconf 90' lang='lat' dir='ltr'><strong>sed</strong></span> <span class='ocrx_word' id='word_1_222' title='bbox 1350 2136 1433 2183; x_wconf 87' lang='lat' dir='ltr'><strong>illa</strong></span> <span class='ocrx_word' id='word_1_223' title='bbox 1452 2152 1594 2184; x_wconf 79' lang='lat' dir='ltr'><strong>orna-</strong></span> 
     </span>
     <span class='ocr_line' id='line_1_31' title="bbox 239 2199 1583 2264; baseline -0.002 -13"><span class='ocrx_word' id='word_1_224' title='bbox 239 2211 423 2264; x_wconf 82' lang='lat' dir='ltr'><strong>menta,</strong></span> <span class='ocrx_word' id='word_1_225' title='bbox 457 2203 509 2250; x_wconf 87' lang='lat' dir='ltr'><strong>in</strong></span> <span class='ocrx_word' id='word_1_226' title='bbox 543 2204 710 2252; x_wconf 82' lang='lat' dir='ltr'><strong>virtute</strong></span> <span class='ocrx_word' id='word_1_227' title='bbox 743 2212 790 2251; x_wconf 85' lang='lat' dir='ltr'><strong>et</strong></span> <span class='ocrx_word' id='word_1_228' title='bbox 820 2200 1047 2250; x_wconf 63' lang='lat' dir='ltr'><strong>industria</strong></span> <span class='ocrx_word' id='word_1_229' title='bbox 1087 2200 1253 2264; x_wconf 76' lang='lat' dir='ltr'><strong>posita,</strong></span> <span class='ocrx_word' id='word_1_230' title='bbox 1296 2199 1467 2247; x_wconf 83' lang='lat' dir='ltr'><strong>lucent.</strong></span> <span class='ocrx_word' id='word_1_231' title='bbox 1501 2200 1583 2248; x_wconf 89' lang='lat' dir='ltr'><strong>Tu</strong></span> 
     </span>
     <span class='ocr_line' id='line_1_32' title="bbox 234 2265 1583 2342; baseline -0.003 -26"><span class='ocrx_word' id='word_1_232' title='bbox 234 2282 371 2327; x_wconf 67' lang='lat' dir='ltr'><strong>vero,</strong></span> <span class='ocrx_word' id='word_1_233' title='bbox 392 2267 495 2342; x_wconf 45' lang='lat' dir='ltr'><strong>qui·</strong></span> <span class='ocrx_word' id='word_1_234' title='bbox 508 2276 554 2316; x_wconf 89' lang='lat' dir='ltr'><strong>te</strong></span> <span class='ocrx_word' id='word_1_235' title='bbox 573 2270 637 2317; x_wconf 86' lang='lat' dir='ltr'><strong>ab</strong></span> <span class='ocrx_word' id='word_1_236' title='bbox 663 2267 823 2342; x_wconf 78' lang='lat' dir='ltr'><strong>eodem</strong></span> <span class='ocrx_word' id='word_1_237' title='bbox 838 2265 1035 2342; x_wconf 38' lang='lat' dir='ltr'><strong>‘Cgaesare</strong></span> <span class='ocrx_word' id='word_1_238' title='bbox 1059 2272 1273 2313; x_wconf 82' lang='lat' dir='ltr'><strong>ornatum</strong></span> <span class='ocrx_word' id='word_1_239' title='bbox 1302 2276 1469 2338; x_wconf 74' lang='lat' dir='ltr'><strong>negare</strong></span> <span class='ocrx_word' id='word_1_240' title='bbox 1487 2278 1583 2340; x_wconf 78' lang='lat' dir='ltr'><strong>non</strong></span> 
     </span>
     <span class='ocr_line' id='line_1_33' title="bbox 180 2328 1584 2471; baseline 0.003 -34"><span class='ocrx_word' id='word_1_241' title='bbox 180 2424 201 2437; x_wconf 80' lang='grc'><em>,</em></span> <span class='ocrx_word' id='word_1_242' title='bbox 238 2339 393 2444; x_wconf 49' lang='lat'><strong>&amp;0⁸22</strong></span> <span class='ocrx_word' id='word_1_243' title='bbox 379 2331 530 2471; x_wconf 47' lang='lat' dir='ltr'><strong>422²ss</strong></span> <span class='ocrx_word' id='word_1_244' title='bbox 544 2348 694 2445; x_wconf 57' lang='lat' dir='ltr'><strong>m</strong></span> <span class='ocrx_word' id='word_1_245' title='bbox 708 2331 868 2444; x_wconf 63' lang='lat'><strong>⁵323:</strong></span> <span class='ocrx_word' id='word_1_246' title='bbox 881 2331 1204 2459; x_wconf 45' lang='lat'><strong>3235&amp;</strong></span> <span class='ocrx_word' id='word_1_247' title='bbox 1228 2328 1381 2457; x_wconf 57' lang='lat' dir='ltr'><strong>{002¹ss</strong></span> <span class='ocrx_word' id='word_1_248' title='bbox 1397 2329 1584 2456; x_wconf 56' lang='lat'><strong>3233</strong></span> 
     </span>
     <span class='ocr_line' id='line_1_34' title="bbox 238 2457 1581 2524; baseline 0 -18"><span class='ocrx_word' id='word_1_249' title='bbox 238 2458 309 2506; x_wconf 87' lang='lat' dir='ltr'><strong>In</strong></span> <span class='ocrx_word' id='word_1_250' title='bbox 324 2460 499 2519; x_wconf 79' lang='lat' dir='ltr'><strong>Iustus,</strong></span> <span class='ocrx_word' id='word_1_251' title='bbox 520 2461 719 2524; x_wconf 85' lang='lat' dir='ltr'><strong>popinis,</strong></span> <span class='ocrx_word' id='word_1_252' title='bbox 748 2459 869 2520; x_wconf 66' lang='lat' dir='ltr'><strong>ale&#39;a,</strong></span> <span class='ocrx_word' id='word_1_253' title='bbox 897 2459 1024 2520; x_wconf 88' lang='lat' dir='ltr'><strong>vino,</strong></span> <span class='ocrx_word' id='word_1_254' title='bbox 1054 2468 1237 2522; x_wconf 84' lang='lat' dir='ltr'><strong>tempus</strong></span> <span class='ocrx_word' id='word_1_255' title='bbox 1270 2457 1413 2506; x_wconf 78' lang='lat' dir='ltr'><strong>aetatis</strong></span> <span class='ocrx_word' id='word_1_256' title='bbox 1442 2473 1581 2507; x_wconf 88' lang='lat' dir='ltr'><strong>omne</strong></span> 
     </span>
     <span class='ocr_line' id='line_1_35' title="bbox 236 2521 1580 2585; baseline -0.002 -13"><span class='ocrx_word' id='word_1_257' title='bbox 236 2523 589 2584; x_wconf 79' lang='lat' dir='ltr'><strong>consumsisses,</strong></span> <span class='ocrx_word' id='word_1_258' title='bbox 603 2533 658 2571; x_wconf 88' lang='lat' dir='ltr'><strong>ut</strong></span> <span class='ocrx_word' id='word_1_259' title='bbox 676 2523 889 2582; x_wconf 86' lang='lat' dir='ltr'><strong>faciebas,</strong></span> <span class='ocrx_word' id='word_1_260' title='bbox 906 2537 1034 2581; x_wconf 85' lang='lat' dir='ltr'><strong>cum,</strong></span> <span class='ocrx_word' id='word_1_261' title='bbox 1048 2522 1097 2569; x_wconf 92' lang='lat' dir='ltr'><strong>in</strong></span> <span class='ocrx_word' id='word_1_262' title='bbox 1111 2521 1297 2585; x_wconf 80' lang='lat' dir='ltr'><strong>gremiis</strong></span> <span class='ocrx_word' id='word_1_263' title='bbox 1310 2522 1580 2579; x_wconf 84' lang='lat' dir='ltr'><strong>mimarum,</strong></span> 
     </span>
     <span class='ocr_line' id='line_1_36' title="bbox 237 2585 1580 2650; baseline -0.004 -15"><span class='ocrx_word' id='word_1_264' title='bbox 237 2596 455 2636; x_wconf 81' lang='lat' dir='ltr'><strong>mentum</strong></span> <span class='ocrx_word' id='word_1_265' title='bbox 472 2595 769 2650; x_wconf 80' lang='lat' dir='ltr'><strong>mentemque</strong></span> <span class='ocrx_word' id='word_1_266' title='bbox 787 2587 1056 2650; x_wconf 82' lang='lat' dir='ltr'><strong>deponeres.</strong></span> <span class='ocrx_word' id='word_1_267' title='bbox 1085 2590 1119 2614; x_wconf 90' lang='lat'>“</span> <span class='ocrx_word' id='word_1_268' title='bbox 1134 2585 1276 2647; x_wconf 85' lang='lat' dir='ltr'><strong>Ette,</strong></span> <span class='ocrx_word' id='word_1_269' title='bbox 1288 2601 1318 2633; x_wconf 97' lang='lat' dir='ltr'><strong>o</strong></span> <span class='ocrx_word' id='word_1_270' title='bbox 1329 2586 1580 2648; x_wconf 85' lang='lat' dir='ltr'><strong>puer,&#39;‘....</strong></span> 
     </span>
     <span class='ocr_line' id='line_1_37' title="bbox 220 2647 1580 2715; baseline -0.004 -14"><span class='ocrx_word' id='word_1_271' title='bbox 220 2650 453 2707; x_wconf 62' lang='lat' dir='ltr'><strong>‚Puerum</strong></span> <span class='ocrx_word' id='word_1_272' title='bbox 471 2651 693 2715; x_wconf 79' lang='lat' dir='ltr'><strong>appellat,</strong></span> <span class='ocrx_word' id='word_1_273' title='bbox 715 2665 861 2713; x_wconf 86' lang='lat' dir='ltr'><strong>quem</strong></span> <span class='ocrx_word' id='word_1_274' title='bbox 871 2665 967 2711; x_wconf 84' lang='lat' dir='ltr'><strong>non</strong></span> <span class='ocrx_word' id='word_1_275' title='bbox 988 2649 1127 2700; x_wconf 89' lang='lat' dir='ltr'><strong>modo</strong></span> <span class='ocrx_word' id='word_1_276' title='bbox 1148 2648 1322 2712; x_wconf 83' lang='lat' dir='ltr'><strong>virum,</strong></span> <span class='ocrx_word' id='word_1_277' title='bbox 1339 2648 1418 2697; x_wconf 82' lang='lat' dir='ltr'><strong>sed</strong></span> <span class='ocrx_word' id='word_1_278' title='bbox 1439 2647 1580 2697; x_wconf 82' lang='lat' dir='ltr'><strong>etiam</strong></span> 
     </span>
    </p>
   </div>
  </div>
 </body>
</html>
