<?xml version="1.0" encoding="UTF-8"?>
<!DOCTYPE html PUBLIC "-//W3C//DTD XHTML 1.0 Transitional//EN"
    "http://www.w3.org/TR/xhtml1/DTD/xhtml1-transitional.dtd">
<html xmlns="http://www.w3.org/1999/xhtml" xml:lang="en" lang="en">
 <head>
  <title>
</title>
<meta http-equiv="Content-Type" content="text/html;charset=utf-8" />
  <meta name='ocr-system' content='tesseract 3.04.00' />
  <meta name='ocr-capabilities' content='ocr_page ocr_carea ocr_par ocr_line ocrx_word'/>
</head>
<body>
  <div class='ocr_page' id='page_1' title='image "./operaexeditioni05ernegoog_0054.png"; bbox 0 0 1858 3020; ppageno 0'>
   <div class='ocr_carea' id='block_1_1' title="bbox 296 161 1312 219">
    <p class='ocr_par' dir='ltr' id='par_1_1' title="bbox 296 161 1312 219">
     <span class='ocr_line' id='line_1_1' title="bbox 296 161 1312 219; baseline -0.01 0"><span class='ocrx_word' id='word_1_1' title='bbox 296 171 363 219; x_wconf 73' lang='lat'><strong>36</strong></span> <span class='ocrx_word' id='word_1_2' title='bbox 622 165 700 214; x_wconf 92' lang='lat' dir='ltr'><strong>IN</strong></span> <span class='ocrx_word' id='word_1_3' title='bbox 735 161 1066 214; x_wconf 84' lang='lat' dir='ltr'>PISONEM.</span> <span class='ocrx_word' id='word_1_4' title='bbox 1100 162 1230 211; x_wconf 69' lang='lat' dir='ltr'><strong>CAP.</strong></span> <span class='ocrx_word' id='word_1_5' title='bbox 1264 165 1312 210; x_wconf 83' lang='lat'><strong>8.</strong></span> 
     </span>
    </p>
   </div>
   <div class='ocr_carea' id='block_1_2' title="bbox 289 290 1645 815">
    <p class='ocr_par' dir='ltr' id='par_1_2' title="bbox 289 290 1644 804">
     <span class='ocr_line' id='line_1_2' title="bbox 289 290 1637 356; baseline -0.004 -13"><span class='ocrx_word' id='word_1_6' title='bbox 289 297 417 356; x_wconf 77' lang='lat' dir='ltr'><strong>Quae</strong></span> <span class='ocrx_word' id='word_1_7' title='bbox 437 294 561 342; x_wconf 88' lang='lat' dir='ltr'><strong>enim</strong></span> <span class='ocrx_word' id='word_1_8' title='bbox 589 293 648 343; x_wconf 78' lang='lat' dir='ltr'><strong>L.</strong></span> <span class='ocrx_word' id='word_1_9' title='bbox 672 292 924 342; x_wconf 65' lang='lat' dir='ltr'><strong>Cafflinam</strong></span> <span class='ocrx_word' id='word_1_10' title='bbox 956 300 1198 340; x_wconf 77' lang='lat' dir='ltr'><strong>conantem</strong></span> <span class='ocrx_word' id='word_1_11' title='bbox 1219 291 1381 338; x_wconf 77' lang='lat' dir='ltr'><strong>consul</strong></span> <span class='ocrx_word' id='word_1_12' title='bbox 1399 290 1637 355; x_wconf 80' lang='lat' dir='ltr'><strong>prohibui,</strong></span> 
     </span>
     <span class='ocr_line' id='line_1_3' title="bbox 294 356 1639 416; baseline -0.004 -8"><span class='ocrx_word' id='word_1_13' title='bbox 294 377 350 408; x_wconf 74' lang='lat' dir='ltr'><strong>ea</strong></span> <span class='ocrx_word' id='word_1_14' title='bbox 382 360 438 407; x_wconf 89' lang='lat' dir='ltr'><strong>P.</strong></span> <span class='ocrx_word' id='word_1_15' title='bbox 470 358 689 407; x_wconf 85' lang='lat' dir='ltr'><strong>clodium</strong></span> <span class='ocrx_word' id='word_1_16' title='bbox 710 357 953 405; x_wconf 73' lang='lat' dir='ltr'><strong>facientem</strong></span> <span class='ocrx_word' id='word_1_17' title='bbox 984 356 1192 404; x_wconf 85' lang='lat' dir='ltr'><strong>consules</strong></span> <span class='ocrx_word' id='word_1_18' title='bbox 1212 356 1500 416; x_wconf 78' lang='lat' dir='ltr'><strong>adjuverunt.</strong></span> <span class='ocrx_word' id='word_1_19' title='bbox 1536 356 1639 404; x_wconf 89' lang='lat' dir='ltr'><strong>Vo-</strong></span> 
     </span>
     <span class='ocr_line' id='line_1_4' title="bbox 292 420 1639 482; baseline -0.004 -11"><span class='ocrx_word' id='word_1_20' title='bbox 292 424 383 472; x_wconf 88' lang='lat' dir='ltr'><strong>luit</strong></span> <span class='ocrx_word' id='word_1_21' title='bbox 415 423 494 471; x_wconf 88' lang='lat' dir='ltr'><strong>ille</strong></span> <span class='ocrx_word' id='word_1_22' title='bbox 519 430 730 470; x_wconf 86' lang='lat' dir='ltr'><strong>senatum</strong></span> <span class='ocrx_word' id='word_1_23' title='bbox 767 421 1049 476; x_wconf 84' lang='lat' dir='ltr'><strong>interficere,</strong></span> <span class='ocrx_word' id='word_1_24' title='bbox 1084 436 1164 468; x_wconf 86' lang='lat' dir='ltr'><strong>vos</strong></span> <span class='ocrx_word' id='word_1_25' title='bbox 1200 420 1477 467; x_wconf 75' lang='lat' dir='ltr'><strong>sustulistis.</strong></span> <span class='ocrx_word' id='word_1_26' title='bbox 1493 421 1639 482; x_wconf 67' lang='lat' dir='ltr'><strong>leges</strong></span> 
     </span>
     <span class='ocr_line' id='line_1_5' title="bbox 295 484 1640 548; baseline -0.004 -12"><span class='ocrx_word' id='word_1_27' title='bbox 295 487 563 542; x_wconf 85' lang='lat' dir='ltr'><strong>incendere·</strong></span> <span class='ocrx_word' id='word_1_28' title='bbox 589 502 668 534; x_wconf 84' lang='lat' dir='ltr'><strong>vos</strong></span> <span class='ocrx_word' id='word_1_29' title='bbox 689 485 968 548; x_wconf 76' lang='lat' dir='ltr'><strong>abrogastis.</strong></span> <span class='ocrx_word' id='word_1_30' title='bbox 993 485 1177 531; x_wconf 85' lang='lat' dir='ltr'><strong>interire</strong></span> <span class='ocrx_word' id='word_1_31' title='bbox 1187 484 1428 547; x_wconf 81' lang='lat' dir='ltr'><strong>patriam·</strong></span> <span class='ocrx_word' id='word_1_32' title='bbox 1453 500 1533 532; x_wconf 84' lang='lat' dir='ltr'><strong>vos</strong></span> <span class='ocrx_word' id='word_1_33' title='bbox 1554 484 1640 531; x_wconf 78' lang='lat' dir='ltr'><strong>ad-</strong></span> 
     </span>
     <span class='ocr_line' id='line_1_6' title="bbox 293 548 1640 626; baseline -0.004 -26"><span class='ocrx_word' id='word_1_34' title='bbox 293 551 489 626; x_wconf 78' lang='lat' dir='ltr'><strong>juvistis.</strong></span> <span class='ocrx_word' id='word_1_35' title='bbox 545 551 677 609; x_wconf 83' lang='lat' dir='ltr'>Quid</span> <span class='ocrx_word' id='word_1_36' title='bbox 709 558 793 608; x_wconf 86' lang='lat' dir='ltr'><strong>est,</strong></span> <span class='ocrx_word' id='word_1_37' title='bbox 825 549 955 597; x_wconf 83' lang='lat' dir='ltr'><strong>vobis</strong></span> <span class='ocrx_word' id='word_1_38' title='bbox 990 548 1268 606; x_wconf 69' lang='lat' dir='ltr'>consulibua,</span> <span class='ocrx_word' id='word_1_39' title='bbox 1312 557 1496 610; x_wconf 86' lang='lat' dir='ltr'><strong>gestum</strong></span> <span class='ocrx_word' id='word_1_40' title='bbox 1539 548 1640 595; x_wconf 89' lang='lat' dir='ltr'><strong>sine</strong></span> 
     </span>
     <span class='ocr_line' id='line_1_7' title="bbox 296 612 1642 673; baseline -0.004 -8"><span class='ocrx_word' id='word_1_41' title='bbox 296 616 436 666; x_wconf 77' lang='lat' dir='ltr'><strong>armis</strong></span> <span class='ocrx_word' id='word_1_42' title='bbox 452 619 474 664; x_wconf 82' lang='lat'>?</span> <span class='ocrx_word' id='word_1_43' title='bbox 521 613 771 663; x_wconf 83' lang='lat' dir='ltr'><strong>Incendere</strong></span> <span class='ocrx_word' id='word_1_44' title='bbox 804 613 886 660; x_wconf 80' lang='lat' dir='ltr'><strong>illa</strong></span> <span class='ocrx_word' id='word_1_45' title='bbox 916 615 1257 673; x_wconf 76' lang='lat' dir='ltr'><strong>conjuratorum</strong></span> <span class='ocrx_word' id='word_1_46' title='bbox 1291 627 1458 660; x_wconf 74' lang='lat' dir='ltr'><strong>manus</strong></span> <span class='ocrx_word' id='word_1_47' title='bbox 1492 612 1642 660; x_wconf 83' lang='lat' dir='ltr'><strong>voluit</strong></span> 
     </span>
     <span class='ocr_line' id='line_1_8' title="bbox 296 676 1644 742; baseline -0.004 -12"><span class='ocrx_word' id='word_1_48' title='bbox 296 682 507 736; x_wconf 76' lang='lat' dir='ltr'><strong>Urbem3</strong></span> <span class='ocrx_word' id='word_1_49' title='bbox 531 695 611 727; x_wconf 84' lang='lat' dir='ltr'><strong>vos</strong></span> <span class='ocrx_word' id='word_1_50' title='bbox 622 679 726 742; x_wconf 89' lang='lat' dir='ltr'><strong>ejus</strong></span> <span class='ocrx_word' id='word_1_51' title='bbox 742 678 952 736; x_wconf 89' lang='lat' dir='ltr'><strong>domum,</strong></span> <span class='ocrx_word' id='word_1_52' title='bbox 966 692 1107 740; x_wconf 84' lang='lat' dir='ltr'><strong>quem</strong></span> <span class='ocrx_word' id='word_1_53' title='bbox 1119 686 1305 739; x_wconf 85' lang='lat' dir='ltr'><strong>propter</strong></span> <span class='ocrx_word' id='word_1_54' title='bbox 1322 676 1472 724; x_wconf 89' lang='lat' dir='ltr'><strong>Urbs</strong></span> <span class='ocrx_word' id='word_1_55' title='bbox 1456 691 1644 724; x_wconf 74' lang='lat' dir='ltr'><strong>incensa</strong></span> 
     </span>
     <span class='ocr_line' id='line_1_9' title="bbox 299 740 1645 815; baseline -0.005 -21"><span class='ocrx_word' id='word_1_56' title='bbox 299 760 393 794; x_wconf 87' lang='lat' dir='ltr'><strong>non</strong></span> <span class='ocrx_word' id='word_1_57' title='bbox 415 752 496 793; x_wconf 89' lang='lat' dir='ltr'><strong>est.</strong></span> <span class='ocrx_word' id='word_1_58' title='bbox 528 744 606 791; x_wconf 91' lang='lat' dir='ltr'><strong>Ac</strong></span> <span class='ocrx_word' id='word_1_59' title='bbox 626 757 685 789; x_wconf 90' lang='lat' dir='ltr'><strong>ne</strong></span> <span class='ocrx_word' id='word_1_60' title='bbox 705 741 775 788; x_wconf 87' lang='lat' dir='ltr'><strong>illi</strong></span> <span class='ocrx_word' id='word_1_61' title='bbox 788 741 995 815; x_wconf 85' lang='lat' dir='ltr'><strong>quidem,</strong></span> <span class='ocrx_word' id='word_1_62' title='bbox 1010 741 1051 788; x_wconf 85' lang='lat' dir='ltr'><strong>si</strong></span> <span class='ocrx_word' id='word_1_63' title='bbox 1070 741 1335 788; x_wconf 79' lang='lat' dir='ltr'><strong>habuissent</strong></span> <span class='ocrx_word' id='word_1_64' title='bbox 1353 742 1492 788; x_wconf 81' lang='lat' dir='ltr'><strong>vestri</strong></span> <span class='ocrx_word' id='word_1_65' title='bbox 1512 740 1645 788; x_wconf 87' lang='lat' dir='ltr'><strong>simi-</strong></span> 
     </span>
    </p>
   </div>
   <div class='ocr_carea' id='block_1_3' title="bbox 204 804 1645 867">
    <p class='ocr_par' dir='ltr' id='par_1_3' title="bbox 204 804 1645 867">
     <span class='ocr_line' id='line_1_10' title="bbox 204 804 1645 867; baseline -0.005 -9"><span class='ocrx_word' id='word_1_66' title='bbox 204 845 207 847; x_wconf 86' lang='lat'>-</span> <span class='ocrx_word' id='word_1_67' title='bbox 299 810 395 857; x_wconf 88' lang='lat' dir='ltr'><strong>lem</strong></span> <span class='ocrx_word' id='word_1_68' title='bbox 428 808 680 865; x_wconf 87' lang='lat' dir='ltr'><strong>consulem,</strong></span> <span class='ocrx_word' id='word_1_69' title='bbox 709 805 767 853; x_wconf 87' lang='lat' dir='ltr'><strong>de</strong></span> <span class='ocrx_word' id='word_1_70' title='bbox 803 804 931 853; x_wconf 89' lang='lat' dir='ltr'><strong>urbis</strong></span> <span class='ocrx_word' id='word_1_71' title='bbox 968 804 1177 852; x_wconf 90' lang='lat' dir='ltr'><strong>incendio</strong></span> <span class='ocrx_word' id='word_1_72' title='bbox 1210 805 1512 867; x_wconf 59' lang='lat' dir='ltr'><strong>cogitassent.</strong></span> <span class='ocrx_word' id='word_1_73' title='bbox 1547 817 1645 851; x_wconf 89' lang='lat' dir='ltr'><strong>non</strong></span> 
     </span>
    </p>
   </div>
   <div class='ocr_carea' id='block_1_4' title="bbox 300 868 1658 1639">
    <p class='ocr_par' dir='ltr' id='par_1_4' title="bbox 300 868 1649 1254">
     <span class='ocr_line' id='line_1_11' title="bbox 300 868 1645 932; baseline -0.005 -11"><span class='ocrx_word' id='word_1_74' title='bbox 300 873 425 922; x_wconf 88' lang='lat' dir='ltr'><strong>enim</strong></span> <span class='ocrx_word' id='word_1_75' title='bbox 455 888 503 920; x_wconf 87' lang='lat' dir='ltr'><strong>se</strong></span> <span class='ocrx_word' id='word_1_76' title='bbox 527 871 656 920; x_wconf 87' lang='lat' dir='ltr'><strong>tectis</strong></span> <span class='ocrx_word' id='word_1_77' title='bbox 682 871 860 932; x_wconf 76' lang='lat' dir='ltr'><strong>privare</strong></span> <span class='ocrx_word' id='word_1_78' title='bbox 881 869 1152 916; x_wconf 83' lang='lat' dir='ltr'><strong>voluerunt·</strong></span> <span class='ocrx_word' id='word_1_79' title='bbox 1188 869 1284 928; x_wconf 85' lang='lat' dir='ltr'><strong>sed,</strong></span> <span class='ocrx_word' id='word_1_80' title='bbox 1307 868 1379 915; x_wconf 87' lang='lat' dir='ltr'><strong>his</strong></span> <span class='ocrx_word' id='word_1_81' title='bbox 1399 868 1645 928; x_wconf 74' lang='lat' dir='ltr'><strong>stantibus,</strong></span> 
     </span>
     <span class='ocr_line' id='line_1_12' title="bbox 301 932 1647 995; baseline -0.004 -10"><span class='ocrx_word' id='word_1_82' title='bbox 301 938 487 985; x_wconf 85' lang='lat' dir='ltr'><strong>nullum</strong></span> <span class='ocrx_word' id='word_1_83' title='bbox 509 934 794 984; x_wconf 84' lang='lat' dir='ltr'><strong>domicilium</strong></span> <span class='ocrx_word' id='word_1_84' title='bbox 815 932 971 980; x_wconf 87' lang='lat' dir='ltr'><strong>sceleri</strong></span> <span class='ocrx_word' id='word_1_85' title='bbox 992 949 1076 980; x_wconf 91' lang='lat' dir='ltr'><strong>suo</strong></span> <span class='ocrx_word' id='word_1_86' title='bbox 1095 933 1193 980; x_wconf 85' lang='lat' dir='ltr'><strong>fore</strong></span> <span class='ocrx_word' id='word_1_87' title='bbox 1212 941 1504 995; x_wconf 79' lang='lat' dir='ltr'><strong>putaverunt.</strong></span> <span class='ocrx_word' id='word_1_88' title='bbox 1539 933 1647 980; x_wconf 77' lang='lat' dir='ltr'><strong>Cae-</strong></span> 
     </span>
     <span class='ocr_line' id='line_1_13' title="bbox 302 996 1645 1060; baseline -0.004 -11"><span class='ocrx_word' id='word_1_89' title='bbox 302 1002 410 1049; x_wconf 85' lang='lat' dir='ltr'><strong>dem</strong></span> <span class='ocrx_word' id='word_1_90' title='bbox 438 1000 508 1047; x_wconf 89' lang='lat' dir='ltr'><strong>illi</strong></span> <span class='ocrx_word' id='word_1_91' title='bbox 529 999 716 1057; x_wconf 87' lang='lat' dir='ltr'><strong>civium,</strong></span> <span class='ocrx_word' id='word_1_92' title='bbox 740 1012 820 1045; x_wconf 86' lang='lat' dir='ltr'><strong>vos</strong></span> <span class='ocrx_word' id='word_1_93' title='bbox 840 996 1104 1044; x_wconf 85' lang='lat' dir='ltr'><strong>servitutem</strong></span> <span class='ocrx_word' id='word_1_94' title='bbox 1133 996 1384 1060; x_wconf 73' lang='lat' dir='ltr'><strong>expetistis.</strong></span> <span class='ocrx_word' id='word_1_95' title='bbox 1436 997 1534 1044; x_wconf 74' lang='lat' dir='ltr'><strong>Hic</strong></span> <span class='ocrx_word' id='word_1_96' title='bbox 1561 1012 1645 1044; x_wconf 84' lang='lat' dir='ltr'><strong>vos</strong></span> 
     </span>
     <span class='ocr_line' id='line_1_14' title="bbox 304 1060 1647 1124; baseline -0.004 -11"><span class='ocrx_word' id='word_1_97' title='bbox 304 1066 444 1113; x_wconf 73' lang='lat' dir='ltr'><strong>etiam</strong></span> <span class='ocrx_word' id='word_1_98' title='bbox 465 1061 748 1110; x_wconf 83' lang='lat' dir='ltr'><strong>crudeliores.</strong></span> <span class='ocrx_word' id='word_1_99' title='bbox 785 1061 913 1108; x_wconf 85' lang='lat' dir='ltr'><strong>Huic</strong></span> <span class='ocrx_word' id='word_1_100' title='bbox 934 1060 1057 1107; x_wconf 88' lang='lat' dir='ltr'><strong>enim</strong></span> <span class='ocrx_word' id='word_1_101' title='bbox 1078 1062 1252 1124; x_wconf 88' lang='lat' dir='ltr'><strong>populo</strong></span> <span class='ocrx_word' id='word_1_102' title='bbox 1264 1061 1328 1108; x_wconf 84' lang='lat' dir='ltr'><strong>ita</strong></span> <span class='ocrx_word' id='word_1_103' title='bbox 1347 1061 1515 1121; x_wconf 84' lang='lat' dir='ltr'><strong>fuerat,</strong></span> <span class='ocrx_word' id='word_1_104' title='bbox 1538 1069 1647 1108; x_wconf 80' lang='lat' dir='ltr'><strong>ante</strong></span> 
     </span>
     <span class='ocr_line' id='line_1_15' title="bbox 306 1124 1649 1188; baseline -0.004 -11"><span class='ocrx_word' id='word_1_105' title='bbox 306 1145 386 1178; x_wconf 86' lang='lat' dir='ltr'><strong>vos</strong></span> <span class='ocrx_word' id='word_1_106' title='bbox 407 1127 629 1185; x_wconf 88' lang='lat' dir='ltr'><strong>consules,</strong></span> <span class='ocrx_word' id='word_1_107' title='bbox 653 1126 836 1172; x_wconf 81' lang='lat' dir='ltr'><strong>libertas</strong></span> <span class='ocrx_word' id='word_1_108' title='bbox 865 1125 1019 1184; x_wconf 74' lang='lat' dir='ltr'><strong>insita,</strong></span> <span class='ocrx_word' id='word_1_109' title='bbox 1054 1134 1108 1171; x_wconf 89' lang='lat' dir='ltr'><strong>ut</strong></span> <span class='ocrx_word' id='word_1_110' title='bbox 1135 1124 1278 1173; x_wconf 88' lang='lat' dir='ltr'><strong>emori</strong></span> <span class='ocrx_word' id='word_1_111' title='bbox 1307 1125 1478 1188; x_wconf 87' lang='lat' dir='ltr'><strong>potius,</strong></span> <span class='ocrx_word' id='word_1_112' title='bbox 1502 1140 1649 1188; x_wconf 75' lang='lat' dir='ltr'><strong>quam</strong></span> 
     </span>
     <span class='ocr_line' id='line_1_16' title="bbox 307 1192 777 1265; baseline -0.009 -24"><span class='ocrx_word' id='word_1_113' title='bbox 307 1192 490 1250; x_wconf 84' lang='lat' dir='ltr'><strong>servire,</strong></span> <span class='ocrx_word' id='word_1_114' title='bbox 507 1199 777 1265; x_wconf 78' lang='lat' dir='ltr'><strong>praestaret.</strong></span> 
     </span>
    </p>

    <p class='ocr_par' dir='ltr' id='par_1_5' title="bbox 304 1253 1658 1639">
     <span class='ocr_line' id='line_1_17' title="bbox 373 1253 1649 1318; baseline -0.002 -14"><span class='ocrx_word' id='word_1_115' title='bbox 373 1255 501 1304; x_wconf 87' lang='lat' dir='ltr'><strong>Illud</strong></span> <span class='ocrx_word' id='word_1_116' title='bbox 527 1271 632 1303; x_wconf 87' lang='lat' dir='ltr'><strong>vero</strong></span> <span class='ocrx_word' id='word_1_117' title='bbox 656 1254 897 1318; x_wconf 82' lang='lat' dir='ltr'><strong>geminum</strong></span> <span class='ocrx_word' id='word_1_118' title='bbox 918 1254 1116 1302; x_wconf 85' lang='lat' dir='ltr'><strong>consiliis</strong></span> <span class='ocrx_word' id='word_1_119' title='bbox 1138 1254 1350 1302; x_wconf 73' lang='lat' dir='ltr'><strong>catilinae</strong></span> <span class='ocrx_word' id='word_1_120' title='bbox 1370 1262 1416 1302; x_wconf 91' lang='lat' dir='ltr'><strong>et</strong></span> <span class='ocrx_word' id='word_1_121' title='bbox 1437 1253 1649 1314; x_wconf 83' lang='lat' dir='ltr'><strong>Lentuli,</strong></span> 
     </span>
     <span class='ocr_line' id='line_1_18' title="bbox 304 1318 1654 1386; baseline -0.002 -17"><span class='ocrx_word' id='word_1_122' title='bbox 304 1321 434 1386; x_wconf 77' lang='lat' dir='ltr'><strong>quod</strong></span> <span class='ocrx_word' id='word_1_123' title='bbox 462 1335 539 1366; x_wconf 89' lang='lat' dir='ltr'><strong>me</strong></span> <span class='ocrx_word' id='word_1_124' title='bbox 559 1319 697 1367; x_wconf 85' lang='lat' dir='ltr'><strong>domo</strong></span> <span class='ocrx_word' id='word_1_125' title='bbox 722 1319 829 1366; x_wconf 79' lang='lat' dir='ltr'><strong>mea</strong></span> <span class='ocrx_word' id='word_1_126' title='bbox 858 1318 1116 1381; x_wconf 76' lang='lat' dir='ltr'><strong>expulistis,</strong></span> <span class='ocrx_word' id='word_1_127' title='bbox 1149 1320 1236 1366; x_wconf 84' lang='lat' dir='ltr'><strong>Cn.</strong></span> <span class='ocrx_word' id='word_1_128' title='bbox 1268 1318 1546 1382; x_wconf 88' lang='lat' dir='ltr'><strong>Pompeium</strong></span> <span class='ocrx_word' id='word_1_129' title='bbox 1567 1319 1654 1366; x_wconf 83' lang='lat' dir='ltr'><strong>do-</strong></span> 
     </span>
     <span class='ocr_line' id='line_1_19' title="bbox 310 1382 1655 1446; baseline -0.003 -13"><span class='ocrx_word' id='word_1_130' title='bbox 310 1400 447 1433; x_wconf 88' lang='lat' dir='ltr'><strong>mum</strong></span> <span class='ocrx_word' id='word_1_131' title='bbox 476 1398 608 1431; x_wconf 80' lang='lat' dir='ltr'><strong>suam</strong></span> <span class='ocrx_word' id='word_1_132' title='bbox 629 1382 925 1445; x_wconf 75' lang='lat' dir='ltr'><strong>compulistis·</strong></span> <span class='ocrx_word' id='word_1_133' title='bbox 961 1383 1131 1446; x_wconf 89' lang='lat' dir='ltr'><strong>Neque</strong></span> <span class='ocrx_word' id='word_1_134' title='bbox 1152 1383 1294 1441; x_wconf 91' lang='lat' dir='ltr'><strong>enim,</strong></span> <span class='ocrx_word' id='word_1_135' title='bbox 1316 1397 1394 1431; x_wconf 88' lang='lat' dir='ltr'><strong>me</strong></span> <span class='ocrx_word' id='word_1_136' title='bbox 1419 1391 1584 1442; x_wconf 79' lang='lat' dir='ltr'><strong>stante,</strong></span> <span class='ocrx_word' id='word_1_137' title='bbox 1607 1391 1655 1430; x_wconf 81' lang='lat' dir='ltr'><strong>et</strong></span> 
     </span>
     <span class='ocr_line' id='line_1_20' title="bbox 303 1446 1658 1510; baseline -0.002 -12.982"><span class='ocrx_word' id='word_1_138' title='bbox 303 1457 528 1504; x_wconf 80' lang='lat' dir='ltr'><strong>manente</strong></span> <span class='ocrx_word' id='word_1_139' title='bbox 548 1447 598 1494; x_wconf 87' lang='lat' dir='ltr'><strong>in</strong></span> <span class='ocrx_word' id='word_1_140' title='bbox 619 1446 762 1493; x_wconf 80' lang='lat' dir='ltr'><strong>Urbis</strong></span> <span class='ocrx_word' id='word_1_141' title='bbox 782 1446 957 1508; x_wconf 82' lang='lat' dir='ltr'><strong>vigilia,</strong></span> <span class='ocrx_word' id='word_1_142' title='bbox 975 1461 1125 1510; x_wconf 87' lang='lat' dir='ltr'><strong>neque</strong></span> <span class='ocrx_word' id='word_1_143' title='bbox 1140 1447 1374 1494; x_wconf 67' lang='lat' dir='ltr'><strong>resistente</strong></span> <span class='ocrx_word' id='word_1_144' title='bbox 1395 1446 1484 1494; x_wconf 89' lang='lat' dir='ltr'><strong>Cn.</strong></span> <span class='ocrx_word' id='word_1_145' title='bbox 1509 1448 1658 1494; x_wconf 89' lang='lat' dir='ltr'><strong>Pom-</strong></span> 
     </span>
     <span class='ocr_line' id='line_1_21' title="bbox 312 1509 1658 1576; baseline -0.001 -16"><span class='ocrx_word' id='word_1_146' title='bbox 312 1514 433 1576; x_wconf 83' lang='lat' dir='ltr'><strong>peio,</strong></span> <span class='ocrx_word' id='word_1_147' title='bbox 455 1510 665 1559; x_wconf 85' lang='lat' dir='ltr'><strong>omnium</strong></span> <span class='ocrx_word' id='word_1_148' title='bbox 687 1509 897 1573; x_wconf 86' lang='lat' dir='ltr'><strong>gentium</strong></span> <span class='ocrx_word' id='word_1_149' title='bbox 919 1509 1105 1570; x_wconf 81' lang='lat' dir='ltr'><strong>victore,</strong></span> <span class='ocrx_word' id='word_1_150' title='bbox 1127 1527 1336 1576; x_wconf 82' lang='lat' dir='ltr'><strong>unquam</strong></span> <span class='ocrx_word' id='word_1_151' title='bbox 1363 1528 1411 1559; x_wconf 89' lang='lat' dir='ltr'><strong>se</strong></span> <span class='ocrx_word' id='word_1_152' title='bbox 1429 1512 1503 1559; x_wconf 90' lang='lat' dir='ltr'><strong>illi</strong></span> <span class='ocrx_word' id='word_1_153' title='bbox 1533 1527 1658 1559; x_wconf 85' lang='lat' dir='ltr'><strong>rem-</strong></span> 
     </span>
     <span class='ocr_line' id='line_1_22' title="bbox 312 1573 1658 1639; baseline 0.001 -15"><span class='ocrx_word' id='word_1_154' title='bbox 312 1576 548 1639; x_wconf 74' lang='lat' dir='ltr'><strong>publicam</strong></span> <span class='ocrx_word' id='word_1_155' title='bbox 563 1575 713 1627; x_wconf 82' lang='lat' dir='ltr'><strong>delere</strong></span> <span class='ocrx_word' id='word_1_156' title='bbox 724 1589 857 1638; x_wconf 87' lang='lat' dir='ltr'><strong>posse</strong></span> <span class='ocrx_word' id='word_1_157' title='bbox 870 1573 1118 1623; x_wconf 83' lang='lat' dir='ltr'><strong>duxerunt.</strong></span> <span class='ocrx_word' id='word_1_158' title='bbox 1151 1577 1203 1623; x_wconf 90' lang='lat' dir='ltr'>A</span> <span class='ocrx_word' id='word_1_159' title='bbox 1216 1592 1291 1623; x_wconf 92' lang='lat' dir='ltr'><strong>me</strong></span> <span class='ocrx_word' id='word_1_160' title='bbox 1303 1576 1493 1639; x_wconf 86' lang='lat' dir='ltr'><strong>quidem</strong></span> <span class='ocrx_word' id='word_1_161' title='bbox 1515 1577 1658 1625; x_wconf 75' lang='lat' dir='ltr'><strong>etiam</strong></span> 
     </span>
    </p>
   </div>
   <div class='ocr_carea' id='block_1_5' title="bbox 242 1638 1661 1714">
    <p class='ocr_par' dir='ltr' id='par_1_6' title="bbox 242 1638 1661 1714">
     <span class='ocr_line' id='line_1_23' title="bbox 242 1638 1661 1714; baseline 0.001 -28"><span class='ocrx_word' id='word_1_162' title='bbox 242 1693 251 1700; x_wconf 29' lang='lat'>⁸</span> <span class='ocrx_word' id='word_1_163' title='bbox 313 1655 471 1704; x_wconf 81' lang='lat' dir='ltr'><strong>poenas</strong></span> <span class='ocrx_word' id='word_1_164' title='bbox 506 1638 756 1714; x_wconf 72' lang='lat' dir='ltr'><strong>expetistis,</strong></span> <span class='ocrx_word' id='word_1_165' title='bbox 780 1639 952 1702; x_wconf 87' lang='lat' dir='ltr'><strong>quibus</strong></span> <span class='ocrx_word' id='word_1_166' title='bbox 973 1642 1315 1701; x_wconf 81' lang='lat' dir='ltr'><strong>conjuratorum</strong></span> <span class='ocrx_word' id='word_1_167' title='bbox 1337 1641 1506 1688; x_wconf 79' lang='lat' dir='ltr'><strong>Manes</strong></span> <span class='ocrx_word' id='word_1_168' title='bbox 1530 1656 1661 1689; x_wconf 89' lang='lat' dir='ltr'><strong>mor-</strong></span> 
     </span>
    </p>
   </div>
   <div class='ocr_carea' id='block_1_6' title="bbox 308 1703 1674 2291">
    <p class='ocr_par' dir='ltr' id='par_1_7' title="bbox 308 1703 1669 2217">
     <span class='ocr_line' id='line_1_24' title="bbox 315 1703 1662 1766; baseline 0 -13"><span class='ocrx_word' id='word_1_169' title='bbox 315 1714 502 1753; x_wconf 88' lang='lat' dir='ltr'><strong>tuorum</strong></span> <span class='ocrx_word' id='word_1_170' title='bbox 534 1703 804 1766; x_wconf 78' lang='lat' dir='ltr'><strong>expiaretis.</strong></span> <span class='ocrx_word' id='word_1_171' title='bbox 835 1718 977 1751; x_wconf 89' lang='lat' dir='ltr'><strong>omne</strong></span> <span class='ocrx_word' id='word_1_172' title='bbox 998 1704 1174 1763; x_wconf 89' lang='lat' dir='ltr'><strong>odium,</strong></span> <span class='ocrx_word' id='word_1_173' title='bbox 1207 1705 1440 1752; x_wconf 85' lang='lat' dir='ltr'><strong>inclusum</strong></span> <span class='ocrx_word' id='word_1_174' title='bbox 1474 1705 1662 1754; x_wconf 76' lang='lat' dir='ltr'><strong>nefariis</strong></span> 
     </span>
     <span class='ocr_line' id='line_1_25' title="bbox 317 1767 1664 1842; baseline -0.001 -25"><span class='ocrx_word' id='word_1_175' title='bbox 317 1767 528 1841; x_wconf 86' lang='lat' dir='ltr'><strong>sensibus</strong></span> <span class='ocrx_word' id='word_1_176' title='bbox 549 1767 818 1842; x_wconf 79' lang='lat' dir='ltr'><strong>impiorum,</strong></span> <span class='ocrx_word' id='word_1_177' title='bbox 840 1767 889 1814; x_wconf 93' lang='lat' dir='ltr'><strong>in</strong></span> <span class='ocrx_word' id='word_1_178' title='bbox 911 1782 989 1815; x_wconf 86' lang='lat' dir='ltr'><strong>me</strong></span> <span class='ocrx_word' id='word_1_179' title='bbox 1009 1768 1305 1830; x_wconf 78' lang='lat' dir='ltr'><strong>profudistis·</strong></span> <span class='ocrx_word' id='word_1_180' title='bbox 1342 1784 1545 1833; x_wconf 87' lang='lat' dir='ltr'><strong>quorum</strong></span> <span class='ocrx_word' id='word_1_181' title='bbox 1576 1785 1664 1833; x_wconf 82' lang='lat' dir='ltr'><strong>ego</strong></span> 
     </span>
     <span class='ocr_line' id='line_1_26' title="bbox 308 1830 1667 1892; baseline 0.002 -13"><span class='ocrx_word' id='word_1_182' title='bbox 308 1830 462 1891; x_wconf 38' lang='lat' dir='ltr'><strong>„furori</strong></span> <span class='ocrx_word' id='word_1_183' title='bbox 481 1831 570 1877; x_wconf 89' lang='lat' dir='ltr'><strong>nisi</strong></span> <span class='ocrx_word' id='word_1_184' title='bbox 603 1831 849 1890; x_wconf 82' lang='lat' dir='ltr'><strong>cessissem,</strong></span> <span class='ocrx_word' id='word_1_185' title='bbox 871 1831 921 1878; x_wconf 87' lang='lat' dir='ltr'><strong>in</strong></span> <span class='ocrx_word' id='word_1_186' title='bbox 944 1832 1156 1880; x_wconf 64' lang='lat' dir='ltr'><strong>Catilinae</strong></span> <span class='ocrx_word' id='word_1_187' title='bbox 1188 1835 1341 1892; x_wconf 89' lang='lat' dir='ltr'><strong>busto,</strong></span> <span class='ocrx_word' id='word_1_188' title='bbox 1369 1834 1499 1881; x_wconf 86' lang='lat' dir='ltr'><strong>vobis</strong></span> <span class='ocrx_word' id='word_1_189' title='bbox 1532 1835 1667 1882; x_wconf 86' lang='lat' dir='ltr'><strong>duci-</strong></span> 
     </span>
     <span class='ocr_line' id='line_1_27' title="bbox 308 1895 1664 1958; baseline 0.001 -14.008"><span class='ocrx_word' id='word_1_190' title='bbox 308 1898 425 1955; x_wconf 84' lang='lat' dir='ltr'><strong>bus,</strong></span> <span class='ocrx_word' id='word_1_191' title='bbox 447 1903 672 1946; x_wconf 71' lang='lat' dir='ltr'><strong>mactatus</strong></span> <span class='ocrx_word' id='word_1_192' title='bbox 693 1909 853 1942; x_wconf 85' lang='lat' dir='ltr'><strong>essem.</strong></span> <span class='ocrx_word' id='word_1_193' title='bbox 900 1895 1043 1953; x_wconf 86' lang='lat' dir='ltr'><strong>Quod</strong></span> <span class='ocrx_word' id='word_1_194' title='bbox 1069 1906 1225 1944; x_wconf 75' lang='lat' dir='ltr'><strong>autem</strong></span> <span class='ocrx_word' id='word_1_195' title='bbox 1258 1898 1411 1958; x_wconf 74' lang='lat' dir='ltr'><strong>majus</strong></span> <span class='ocrx_word' id='word_1_196' title='bbox 1435 1898 1664 1946; x_wconf 84' lang='lat' dir='ltr'><strong>indicium</strong></span> 
     </span>
     <span class='ocr_line' id='line_1_28' title="bbox 320 1958 1663 2023; baseline 0.001 -15"><span class='ocrx_word' id='word_1_197' title='bbox 320 1958 605 2023; x_wconf 80' lang='lat' dir='ltr'><strong>exspectatis,</strong></span> <span class='ocrx_word' id='word_1_198' title='bbox 638 1958 756 2005; x_wconf 88' lang='lat' dir='ltr'><strong>nihil</strong></span> <span class='ocrx_word' id='word_1_199' title='bbox 788 1958 908 2006; x_wconf 81' lang='lat' dir='ltr'><strong>inter</strong></span> <span class='ocrx_word' id='word_1_200' title='bbox 936 1975 1017 2007; x_wconf 84' lang='lat' dir='ltr'><strong>vos</strong></span> <span class='ocrx_word' id='word_1_201' title='bbox 1039 1970 1085 2010; x_wconf 89' lang='lat' dir='ltr'><strong>et</strong></span> <span class='ocrx_word' id='word_1_202' title='bbox 1105 1961 1354 2008; x_wconf 80' lang='lat' dir='ltr'><strong>Catilinam</strong></span> <span class='ocrx_word' id='word_1_203' title='bbox 1380 1962 1663 2021; x_wconf 83' lang='lat' dir='ltr'><strong>interfuisse,</strong></span> 
     </span>
     <span class='ocr_line' id='line_1_29' title="bbox 312 2022 1669 2086; baseline 0.002 -15"><span class='ocrx_word' id='word_1_204' title='bbox 312 2077 319 2084; x_wconf 49' lang='grc'><strong><em>,</em></strong></span> <span class='ocrx_word' id='word_1_205' title='bbox 357 2039 465 2071; x_wconf 80' lang='lat' dir='ltr'><strong>uam</strong></span> <span class='ocrx_word' id='word_1_206' title='bbox 496 2022 621 2086; x_wconf 85' lang='lat' dir='ltr'><strong>quod</strong></span> <span class='ocrx_word' id='word_1_207' title='bbox 650 2022 859 2070; x_wconf 81' lang='lat' dir='ltr'><strong>eamdem</strong></span> <span class='ocrx_word' id='word_1_208' title='bbox 887 2023 1020 2070; x_wconf 76' lang='lat' dir='ltr'><strong>illam</strong></span> <span class='ocrx_word' id='word_1_209' title='bbox 1052 2037 1248 2072; x_wconf 72' lang='lat' dir='ltr'><strong>manum</strong></span> <span class='ocrx_word' id='word_1_210' title='bbox 1266 2040 1324 2072; x_wconf 82' lang='lat' dir='ltr'><strong>ex</strong></span> <span class='ocrx_word' id='word_1_211' title='bbox 1351 2025 1669 2075; x_wconf 88' lang='lat' dir='ltr'><strong>intermortuis</strong></span> 
     </span>
     <span class='ocr_line' id='line_1_30' title="bbox 323 2041 1669 2166; baseline 0.003 -30"><span class='ocrx_word' id='word_1_212' title='bbox 323 2041 537 2137; x_wconf 55' lang='lat' dir='ltr'><strong>gatilinae</strong></span> <span class='ocrx_word' id='word_1_213' title='bbox 567 2086 771 2161; x_wconf 88' lang='lat' dir='ltr'><strong>reliquiis</strong></span> <span class='ocrx_word' id='word_1_214' title='bbox 791 2087 1078 2143; x_wconf 78' lang='lat' dir='ltr'><strong>concitastis3</strong></span> <span class='ocrx_word' id='word_1_215' title='bbox 1114 2088 1239 2151; x_wconf 86' lang='lat' dir='ltr'><strong>quod</strong></span> <span class='ocrx_word' id='word_1_216' title='bbox 1272 2103 1431 2136; x_wconf 88' lang='lat' dir='ltr'><strong>omnes</strong></span> <span class='ocrx_word' id='word_1_217' title='bbox 1456 2091 1669 2166; x_wconf 71' lang='lat' dir='ltr'><strong>undique</strong></span> 
     </span>
     <span class='ocr_line' id='line_1_31' title="bbox 322 2149 1669 2231; baseline 0.002 -31"><span class='ocrx_word' id='word_1_218' title='bbox 322 2152 522 2217; x_wconf 82' lang='lat' dir='ltr'><strong>perditos</strong></span> <span class='ocrx_word' id='word_1_219' title='bbox 541 2149 813 2213; x_wconf 50' lang='lat' dir='ltr'><strong>collegisti„</strong></span> <span class='ocrx_word' id='word_1_220' title='bbox 841 2151 1008 2231; x_wconf 79' lang='lat' dir='ltr'><strong>quod</strong></span> <span class='ocrx_word' id='word_1_221' title='bbox 994 2167 1045 2198; x_wconf 88' lang='grc' dir='ltr'><strong>ιιι</strong></span> <span class='ocrx_word' id='word_1_222' title='bbox 1064 2167 1142 2199; x_wconf 90' lang='lat' dir='ltr'><strong>me</strong></span> <span class='ocrx_word' id='word_1_223' title='bbox 1162 2166 1385 2201; x_wconf 72' lang='lat' dir='ltr'><strong>carcerem</strong></span> <span class='ocrx_word' id='word_1_224' title='bbox 1407 2153 1669 2212; x_wconf 78' lang='lat' dir='ltr'><strong>effudistis,</strong></span> 
     </span>
    </p>

    <p class='ocr_par' dir='ltr' id='par_1_8' title="bbox 324 2215 1674 2291">
     <span class='ocr_line' id='line_1_32' title="bbox 324 2215 1674 2291; baseline 0.002 -27"><span class='ocrx_word' id='word_1_225' title='bbox 324 2217 450 2281; x_wconf 86' lang='lat' dir='ltr'><strong>quod</strong></span> <span class='ocrx_word' id='word_1_226' title='bbox 471 2218 728 2278; x_wconf 75' lang='lat' dir='ltr'><strong>conjuratos</strong></span> <span class='ocrx_word' id='word_1_227' title='bbox 740 2215 980 2272; x_wconf 78' lang='lat' dir='ltr'><strong>armastis3</strong></span> <span class='ocrx_word' id='word_1_228' title='bbox 994 2216 1129 2291; x_wconf 37' lang='lat' dir='ltr'><strong>‘quod</strong></span> <span class='ocrx_word' id='word_1_229' title='bbox 1150 2232 1309 2264; x_wconf 90' lang='lat' dir='ltr'><strong>eorum</strong></span> <span class='ocrx_word' id='word_1_230' title='bbox 1325 2216 1444 2265; x_wconf 86' lang='lat' dir='ltr'><strong>ferro</strong></span> <span class='ocrx_word' id='word_1_231' title='bbox 1456 2218 1674 2267; x_wconf 69' lang='lat' dir='ltr'><strong>scfiarori</strong></span> 
     </span>
    </p>
   </div>
   <div class='ocr_carea' id='block_1_7' title="bbox 323 2280 1676 2345">
    <p class='ocr_par' dir='ltr' id='par_1_9' title="bbox 323 2280 1676 2345">
     <span class='ocr_line' id='line_1_33' title="bbox 323 2280 1676 2345; baseline 0.002 -17"><span class='ocrx_word' id='word_1_232' title='bbox 323 2296 485 2329; x_wconf 86' lang='lat' dir='ltr'><strong>meum</strong></span> <span class='ocrx_word' id='word_1_233' title='bbox 506 2296 686 2343; x_wconf 86' lang='lat' dir='ltr'><strong>corpus,</strong></span> <span class='ocrx_word' id='word_1_234' title='bbox 713 2288 852 2343; x_wconf 81' lang='lat' dir='ltr'><strong>atque</strong></span> <span class='ocrx_word' id='word_1_235' title='bbox 879 2280 1091 2327; x_wconf 85' lang='lat' dir='ltr'><strong>omnium</strong></span> <span class='ocrx_word' id='word_1_236' title='bbox 1111 2282 1340 2329; x_wconf 85' lang='lat' dir='ltr'><strong>bonorum</strong></span> <span class='ocrx_word' id='word_1_237' title='bbox 1361 2282 1523 2341; x_wconf 72' lang='lat' dir='ltr'><strong>vitam,</strong></span> <span class='ocrx_word' id='word_1_238' title='bbox 1553 2284 1676 2345; x_wconf 85' lang='lat' dir='ltr'><strong>0in-</strong></span> 
     </span>
    </p>
   </div>
   <div class='ocr_carea' id='block_1_8' title="bbox 313 2343 1675 2458">
    <p class='ocr_par' dir='ltr' id='par_1_10' title="bbox 327 2343 1675 2455">
     <span class='ocr_line' id='line_1_34' title="bbox 327 2343 1675 2408; baseline 0.003 -17"><span class='ocrx_word' id='word_1_239' title='bbox 327 2359 428 2392; x_wconf 88' lang='lat' dir='ltr'><strong>cere</strong></span> <span class='ocrx_word' id='word_1_240' title='bbox 448 2344 654 2392; x_wconf 83' lang='lat' dir='ltr'><strong>voluistis</strong></span> <span class='ocrx_word' id='word_1_241' title='bbox 670 2348 692 2392; x_wconf 83' lang='lat'><strong>?</strong></span> <span class='ocrx_word' id='word_1_242' title='bbox 727 2343 820 2392; x_wconf 90' lang='lat' dir='ltr'><strong>Sed</strong></span> <span class='ocrx_word' id='word_1_243' title='bbox 842 2345 945 2405; x_wconf 74' lang='lat' dir='ltr'><strong>Jam</strong></span> <span class='ocrx_word' id='word_1_244' title='bbox 981 2343 1116 2391; x_wconf 79' lang='lat' dir='ltr'><strong>redeo</strong></span> <span class='ocrx_word' id='word_1_245' title='bbox 1149 2344 1209 2392; x_wconf 80' lang='lat' dir='ltr'><strong>ad</strong></span> <span class='ocrx_word' id='word_1_246' title='bbox 1245 2344 1513 2408; x_wconf 77' lang='lat' dir='ltr'><strong>proeclaram</strong></span> <span class='ocrx_word' id='word_1_247' title='bbox 1538 2346 1675 2395; x_wconf 77' lang='lat' dir='ltr'><strong>illam</strong></span> 
     </span>
     <span class='ocr_line' id='line_1_35' title="bbox 313 2407 759 2458; baseline 0.002 -4.039"><span class='ocrx_word' id='word_1_248' title='bbox 313 2407 594 2458; x_wconf 86' lang='lat' dir='ltr'><strong>concionem</strong></span> <span class='ocrx_word' id='word_1_249' title='bbox 614 2416 759 2455; x_wconf 76' lang='lat' dir='ltr'><strong>tuam.</strong></span> 
     </span>
    </p>
   </div>
   <div class='ocr_carea' id='block_1_9' title="bbox 334 2470 1680 2590">
    <p class='ocr_par' dir='ltr' id='par_1_11' title="bbox 334 2470 1680 2590">
     <span class='ocr_line' id='line_1_36' title="bbox 396 2470 1677 2539; baseline 0.006 -22"><span class='ocrx_word' id='word_1_250' title='bbox 396 2470 546 2518; x_wconf 91' lang='lat' dir='ltr'>VIII.</span> <span class='ocrx_word' id='word_1_251' title='bbox 569 2471 650 2517; x_wconf 87' lang='lat' dir='ltr'><strong>Tu</strong></span> <span class='ocrx_word' id='word_1_252' title='bbox 666 2488 713 2519; x_wconf 62' lang='lat' dir='ltr'><strong>es</strong></span> <span class='ocrx_word' id='word_1_253' title='bbox 732 2472 829 2531; x_wconf 83' lang='lat' dir='ltr'><strong>ille,</strong></span> <span class='ocrx_word' id='word_1_254' title='bbox 843 2472 919 2520; x_wconf 88' lang='lat' dir='ltr'><strong>cui</strong></span> <span class='ocrx_word' id='word_1_255' title='bbox 932 2471 1173 2521; x_wconf 77' lang='lat' dir='ltr'><strong>crudelitas</strong></span> <span class='ocrx_word' id='word_1_256' title='bbox 1185 2473 1425 2537; x_wconf 77' lang='lat' dir='ltr'><strong>displicet?</strong></span> <span class='ocrx_word' id='word_1_257' title='bbox 1446 2475 1548 2539; x_wconf 81' lang='lat' dir='ltr'><strong>qui,</strong></span> <span class='ocrx_word' id='word_1_258' title='bbox 1564 2491 1677 2525; x_wconf 82' lang='lat' dir='ltr'><strong>cum</strong></span> 
     </span>
     <span class='ocr_line' id='line_1_37' title="bbox 334 2534 1680 2590; baseline 0.007 -11"><span class='ocrx_word' id='word_1_259' title='bbox 334 2542 517 2580; x_wconf 76' lang='lat' dir='ltr'><strong>senatus</strong></span> <span class='ocrx_word' id='word_1_260' title='bbox 547 2534 728 2581; x_wconf 87' lang='lat' dir='ltr'><strong>luctum</strong></span> <span class='ocrx_word' id='word_1_261' title='bbox 759 2551 813 2583; x_wconf 80' lang='lat' dir='ltr'><strong>ac</strong></span> <span class='ocrx_word' id='word_1_262' title='bbox 840 2536 1045 2584; x_wconf 87' lang='lat' dir='ltr'><strong>dolorem</strong></span> <span class='ocrx_word' id='word_1_263' title='bbox 1079 2552 1218 2585; x_wconf 86' lang='lat' dir='ltr'><strong>suum</strong></span> <span class='ocrx_word' id='word_1_264' title='bbox 1252 2538 1387 2586; x_wconf 84' lang='lat' dir='ltr'><strong>vestis</strong></span> <span class='ocrx_word' id='word_1_265' title='bbox 1419 2540 1680 2590; x_wconf 72' lang='lat' dir='ltr'><strong>mutatione</strong></span> 
     </span>
    </p>
   </div>
   <div class='ocr_carea' id='block_1_10' title="bbox 332 2596 1683 2679">
    <p class='ocr_par' dir='ltr' id='par_1_12' title="bbox 332 2596 1683 2679">
     <span class='ocr_line' id='line_1_38' title="bbox 332 2596 1683 2679; baseline 0.007 -37"><span class='ocrx_word' id='word_1_266' title='bbox 332 2596 662 2644; x_wconf 71' lang='lat' dir='ltr'><strong>declarandum</strong></span> <span class='ocrx_word' id='word_1_267' title='bbox 683 2600 943 2659; x_wconf 81' lang='lat' dir='ltr'><strong>censuisset,</strong></span> <span class='ocrx_word' id='word_1_268' title='bbox 956 2615 1065 2649; x_wconf 88' lang='lat' dir='ltr'><strong>cum</strong></span> <span class='ocrx_word' id='word_1_269' title='bbox 1086 2601 1260 2649; x_wconf 70' lang='lat' dir='ltr'><strong>videm</strong></span> <span class='ocrx_word' id='word_1_270' title='bbox 1281 2617 1469 2650; x_wconf 85' lang='lat' dir='ltr'><strong>moerere</strong></span> <span class='ocrx_word' id='word_1_271' title='bbox 1488 2616 1683 2679; x_wconf 80' lang='lat' dir='ltr'><strong>rempu-</strong></span> 
     </span>
    </p>
   </div>
   <div class='ocr_carea' id='block_1_11' title="bbox 244 2660 1682 2750">
    <p class='ocr_par' dir='ltr' id='par_1_13' title="bbox 244 2660 1682 2750">
     <span class='ocr_line' id='line_1_39' title="bbox 244 2660 1682 2750; baseline 0.007 -42"><span class='ocrx_word' id='word_1_272' title='bbox 244 2723 249 2736; x_wconf 78' lang='lat'>.</span> <span class='ocrx_word' id='word_1_273' title='bbox 336 2660 506 2709; x_wconf 76' lang='lat' dir='ltr'><strong>blicam</strong></span> <span class='ocrx_word' id='word_1_274' title='bbox 527 2660 802 2723; x_wconf 75' lang='lat' dir='ltr'><strong>amplissimi</strong></span> <span class='ocrx_word' id='word_1_275' title='bbox 814 2663 987 2713; x_wconf 80' lang='lat' dir='ltr'><strong>ordinis</strong></span> <span class='ocrx_word' id='word_1_276' title='bbox 1006 2665 1154 2727; x_wconf 83' lang='lat' dir='ltr'><strong>luctu,</strong></span> <span class='ocrx_word' id='word_1_277' title='bbox 1174 2681 1205 2714; x_wconf 86' lang='lat' dir='ltr'><strong>o</strong></span> <span class='ocrx_word' id='word_1_278' title='bbox 1223 2675 1376 2716; x_wconf 85' lang='lat' dir='ltr'><strong>noster</strong></span> <span class='ocrx_word' id='word_1_279' title='bbox 1389 2666 1682 2750; x_wconf 67' lang='lat' dir='ltr'><strong>misericorv&#39;</strong></span> 
     </span>
    </p>
   </div>
   <div class='ocr_carea' id='block_1_12' title="bbox 1813 2029 1830 2552">
    <p class='ocr_par' dir='ltr' id='par_1_14' title="bbox 1813 2029 1830 2552">
     <span class='ocr_line' id='line_1_40' title="bbox 1813 2029 1830 2552; baseline 0 0"><span class='ocrx_word' id='word_1_280' title='bbox 1813 2029 1830 2552; x_wconf 95' lang='lat' dir='ltr'><strong> </strong></span> 
     </span>
    </p>
   </div>
   <div class='ocr_carea' id='block_1_13' title="bbox 1806 2029 1837 2978">
    <p class='ocr_par' dir='ltr' id='par_1_15' title="bbox 1806 2029 1837 2978">
     <span class='ocr_line' id='line_1_41' title="bbox 1806 2029 1837 2978; baseline 0 0"><span class='ocrx_word' id='word_1_281' title='bbox 1806 2029 1837 2978; x_wconf 95' lang='lat' dir='ltr'><strong> </strong></span> 
     </span>
    </p>
   </div>
  </div>
 </body>
</html>
