1858 3020
381 595 543 654 PRO
586 596 654 655 L.
696 593 1105 654 CORNELIO
1148 595 1433 659 BALBO.

306 740 351 787 Ι.
385 739 446 786 81
460 739 751 791 auctoritates
766 747 1063 805 patronorum
1079 739 1128 786 in
1140 737 1325 801 iudiciis
1337 741 1508 799 valent,
1524 741 1585 787 ab

239 803 542 867 amplissimis
570 803 679 851 viris
706 803 766 853 L.
794 803 996 857 Cornelii
1029 819 1165 853 causa
1196 802 1381 853 defensa
1412 814 1509 860 θεῖς
1544 805 1585 853 si

240 884 370 927 usus,
394 883 424 914 a
444 867 760 930 peritissimisz
792 867 831 915 si
850 867 1051 931 ingenia,
1086 869 1147 914 ab
1169 867 1583 930 eloquentissimum

244 932 283 979 si
304 931 477 989 suidia,
501 934 560 979 ab
582 931 884 989 amicissimiS,
919 940 966 980 et
996 947 1105 978 cum
1133 931 1366 980 beneficiis
1388 947 1495 982 cum
1526 931 1587 979 L.

244 995 478 1053 Cornelio,
495 1004 598 1044 tum
618 995 821 1045 maxim&
839 995 1147 1043 familiaritate
1163 996 1428 1057 conjunctis.
1464 996 1587 1055 Qum

246 1068 357 1107 sunt
375 1060 518 1122 igitur
538 1075 656 1107 meae
666 1068 817 1123 partes
832 1063 854 1108 Ρ
886 1059 1166 1107 auctoritatis
1188 1069 1343 1118 tantae,
1365 1070 1589 1124 quantam

249 1139 329 1172 vos
349 1124 398 1171 in
419 1140 497 1171 me
517 1140 616 1171 esse
637 1124 860 1180 voluistis,
890 1126 1000 1172 usus
1025 1122 1282 1182 mediocris,
1305 1125 1477 1189 ingenii
1497 1124 1588 1172 mi-

249 1188 376 1235 nime
395 1187 623 1236 voluntati
642 1189 780 1252 paris.
815 1188 945 1237 Nam
968 1187 1158 1244 caeteriS,
1181 1202 1211 1233 a
1235 1188 1402 1250 quibus
1422 1196 1489 1237 est
1508 1188 1592 1236 de-

248 1252 420 1310 fensus,
443 1252 569 1300 hunc
583 1252 746 1303 debere
764 1251 1025 1316 plurimum
1050 1250 1210 1299 video:
1248 1267 1340 1317 ego*
1360 1260 1589 1316 quantum

251 1317 293 1365 ei
313 1316 522 1375 debeam,
546 1317 637 1364 alio
656 1317 758 1367 loco
782 1315 1086 1380 [ostendam]
1112 1314 1345 1379 Principio
1357 1316 1589 1374 orationis,

247 1380 335 1428 hoc
355 1395 558 1445 oppono,
580 1397 657 1431 me
677 1381 910 1438 omnibus,
968 1380 1017 1429 ui
1038 1379 1174 1428 amici
1194 1379 1365 1429 fuerint
1386 1379 1522 1430 saluti
1543 1388 1590 1429 et

252 1445 467 1507 dignitati
487 1461 621 1505 meae,
646 1445 685 1493 si
703 1446 860 1499 minus
891 1461 915 1493 ι·
961 1445 1129 1493 erenda
1162 1444 1311 1527 qratia
1342 1445 1595 1494 satisfacere

315 1509 504 1569 tuerim,
537 1519 588 1558 at
618 1509 910 1575 praedicanda
932 1519 979 1559 et
997 1509 1210 1560 habenda
1229 1519 1346 1558 certe
1366 1512 1473 1562 satis
1501 1524 1597 1560 esse

325 1583 499 1621 turum.
1303 1613 1308 1628 ,

317 1638 441 1696 Quae
459 1638 600 1687 fuerit
618 1638 833 1689 hesterno
858 1638 933 1688 die
968 1638 1056 1690 Cn.
1080 1638 1293 1703 Pompeii
1325 1640 1522 1704 gravitas
1543 1638 1593 1688 in

256 1702 465 1761 dicendo,
495 1703 692 1763 judices,
721 1719 827 1766 quae
847 1701 1059 1762 facultas,
1084 1718 1189 1767 quae
1209 1704 1354 1767 copia,
1378 1719 1470 1754 non
1494 1703 1595 1767 opi-

255 1767 392 1816 nione
412 1767 550 1816 tacita
572 1776 827 1816 vestrorum
853 1766 1132 1825 animorum,
1156 1767 1234 1816 sed
1252 1768 1490 1833 perspicua
1511 1766 1594 1818 ad-

254 1831 513 1890 miratione,
535 1829 756 1883 declarari
776 1831 1029 1880 videbatur.
1083 1831 1218 1880 Nihil
1239 1832 1360 1893 enim
1383 1847 1594 1896 unquam

255 1895 432 1950 audivi,
468 1896 596 1959 quod
623 1895 741 1944 mihi
775 1895 833 1943 de
860 1896 968 1957 jure
999 1895 1210 1943 subtilius
1238 1896 1327 1946 dici
1346 1897 1591 1953 videretur,

255 1959 374 2006 nihil
393 1960 453 2007 de
473 1974 602 2007 more
622 1960 871 2020 majorum,
899 1959 958 2007 de
991 1960 1213 2025 exemplis
1246 1962 1442 2019 acutius,
1477 1960 1596 2008 nihil

252 2024 443 2086 peritius
471 2023 532 2070 de
566 2023 826 2080 foederibus,
857 2023 974 2071 m‘hil
996 2024 1237 2086 illustriore
1257 2026 1522 2074 auctoritate
1542 2023 1602 2071 de

252 2088 401 2147 bellis,
423 2087 545 2135 nihil
566 2086 625 2135 de
645 2103 695 2136 re
716 2086 903 2151 publica
923 2089 1123 2151 gravius,
1154 2090 1271 2137 nihil
1291 2088 1350 2138 de
1371 2088 1470 2152 ipso
1492 2099 1596 2135 mo-

249 2151 439 2211 destius,
463 2152 583 2199 nihil
603 2152 661 2199 de
683 2153 820 2199 causa
840 2160 885 2200 et
906 2151 1095 2201 crimine
1125 2152 1329 2201 ornatius
1347 2170 1363 2209 ς
1398 2161 1452 2202 ut
1475 2148 1594 2200 mihi

253 2217 354 2277 jam
377 2232 542 2264 verum
559 2216 768 2264 videatur
788 2215 905 2264 illud
927 2232 1039 2275 esse,
1058 2217 1183 2281 quod
1203 2215 1433 2275 nonnulli,
1456 2214 1598 2264 literis

260 2296 314 2328 ac
335 2281 501 2328 studiis
523 2280 740 2328 doctrinae
761 2280 919 2340 dediti,
944 2281 1076 2344 quasi
1096 2280 1318 2344 quiddam
1338 2279 1601 2328 incredibile

255 2344 403 2393 dicere
434 2346 739 2408 putabantur,
769 2360 896 2404 eum,
938 2344 1020 2408 qui
1055 2359 1213 2392 omnes
1233 2344 1389 2392 animo
1411 2344 1602 2392 virtutes

258 2409 444 2472 penitus
465 2408 900 2472 comprehendisset,
922 2408 1080 2455 omnia
1095 2422 1239 2470 quam
1259 2407 1475 2455 facillime
1490 2415 1608 2454 trac·

257 2482 370 2521 tare.
406 2474 532 2533 Quae
553 2472 680 2521 enim
713 2473 763 2519 in
792 2473 852 2520 L.
889 2472 1054 2521 Crasso
1079 2471 1246 2533 potuit,
1279 2469 1468 2516 homine
1499 2474 1610 2514 nst)

264 2537 326 2585 ad
347 2537 533 2586 dicendi
553 2536 835 2599 singularem
857 2534 1111 2599 quamdam
1131 2533 1411 2586 facultatem,
1434 2531 1473 2578 si
1491 2530 1613 2599 hanc

263 2611 455 2650 causam
477 2610 653 2663 ageret,
678 2602 833 2661 major
868 2613 967 2646 esse
997 2599 1199 2651 ubertas,
1221 2595 1435 2663 varietas,
1467 2604 1517 2634 oo
1550 2601 1615 2655 ¹2²⁹

259 2681 406 2728 quam
445 2665 541 2713 fuit
562 2664 615 2711 in
636 2679 710 2723 eo,
743 2663 828 2727 qui
849 2670 1036 2709 tantum
1070 2658 1223 2720 potuit
1254 2656 1488 2713 imperare
1544 2656 1621 2688 ¹¹²0
