1858 3020
564 176 703 233 PRO
735 177 1034 229 MILONE.
1068 180 1197 231 Car.
1228 185 1277 232 9.
1517 184 1581 233 80

302 307 453 368 Quod
472 320 580 356 vero
599 315 663 368 te,
684 307 744 354 L.
767 306 968 366 Domiti,
989 307 1099 356 huie
1120 309 1363 372 questioni
1382 326 1577 375 praeesse

234 374 448 423 maxime
474 370 637 430 voluit,
667 370 784 417 nihil
810 370 1021 433 quaesivit
1045 372 1190 432 aliud,
1211 375 1300 422 nisi
1328 375 1573 436 justitiam,

234 438 531 502 gravitatem,
552 434 906 494 humanitatem,
928 434 1084 482 fidem.
1119 437 1269 495 Tulit,
1292 447 1346 485 ut
1369 440 1577 486 consula-

232 518 334 551 rem
367 515 553 548 necesse
590 513 703 547 esset
718 516 732 545 ι
766 499 917 556 crede,
955 500 1080 561 quod
1113 501 1374 564 principum
1399 518 1572 550 munus

232 582 334 614 esse
354 565 571 623 ducebat,
595 562 794 610 resistere
807 572 854 610 et
872 563 1047 610 levitati
1063 565 1391 624 multitudinis,
1414 575 1460 613 et
1474 581 1579 628 per-

232 630 444 677 ditorum
466 626 724 684 temeritati.
757 626 836 673 Ex
852 628 1164 676 consularibus
1186 638 1231 676 te
1252 628 1419 677 creavit
1437 630 1578 691 potis-

228 693 414 742 simum
428 709 443 739 z
480 691 667 739 dederas
683 691 823 748 enim,
846 707 990 753 quam
1005 701 1315 741 contemneres
1335 694 1578 756 populares

230 757 458 813 insaniae,
477 757 578 816 jam
593 757 653 805 ab
675 754 976 802 adolescentia
994 756 1270 805 documenta
1289 757 1509 805 maxima.

177 868 181 873 ,
300 822 399 869 ΙΧ.
433 820 771 878 Quamobrem,
784 818 978 878 judices,
995 829 1049 867 ut
1061 820 1310 884 aliquando
1321 821 1381 868 ad
1393 836 1576 868 causam

228 885 508 948 crimenque
528 883 794 937 veniamus;
829 883 867 929 si
888 898 1038 946 neque
1058 885 1208 932 omnis
1229 885 1449 933 confessio
1470 885 1577 932 facti

234 959 307 998 est
317 949 540 999 inusitata
553 964 569 1003 ς
600 962 750 1009 neque
765 946 823 994 de
835 948 972 994 causa
988 948 1242 1011 quidquam
1255 950 1410 997 nostra
1426 949 1574 1009 aliter,

228 1029 292 1061 ac
324 1028 411 1060 nos
447 1012 686 1070 vellemus,
717 1027 746 1057 a
777 1020 936 1058 senatu
960 1012 1217 1072 judicatum
1248 1022 1344 1069 est;
1381 1021 1426 1060 et
1457 1013 1576 1060 lator

230 1078 336 1141 ipse
368 1075 502 1139 legis,
538 1091 646 1123 cum
676 1082 792 1122 esset
825 1077 1125 1124 controversia
1149 1077 1279 1124 nulla
1302 1077 1429 1134 facti,
1455 1076 1576 1138 juris

230 1150 395 1189 tamen
423 1139 798 1202 disceptationem
823 1155 919 1186 esse
942 1140 1120 1196 voluit3
1153 1149 1199 1188 et
1224 1141 1353 1191 electi
1376 1141 1571 1202 judices,

232 1206 368 1268 isque
388 1204 660 1268 praepositus
680 1202 937 1265 quaestioni,
959 1205 1043 1265 qui
1061 1204 1160 1251 haec
1182 1206 1306 1265 juste
1329 1221 1377 1252 sa
1408 1205 1574 1259 ienter·

230 1267 1199 1393 ffidfflmoe‘gdzz‘sssssffletzgssffl52oef
1195 1221 1572 1404 ,22332-{333222‘2

228 1349 510 1460 Quodqquo
542 1395 721 1442 facilius
753 1403 1047 1457 *argument-rs
1080 1411 1331 1459 perspicere
1372 1404 1570 1458 pomus,

228 1476 333 1508 rem
354 1469 533 1524 gestam
555 1458 683 1507 vobis
703 1459 818 1505 dum
834 1459 1029 1506 breviter
1051 1474 1248 1523 expono,
1272 1475 1443 1523 quaeso,
1466 1459 1572 1507 dili-

222 1535 396 1589 genter
415 1524 648 1572 attendite.

300 1590 358 1637 P.
382 1589 574 1637 Clodius
595 1603 702 1635 cum
722 1587 949 1635 statuisset
969 1588 1097 1635 omni
1117 1589 1279 1636 scelere
1298 1589 1347 1636 in
1369 1588 1571 1652 praeturfi

228 1669 404 1702 ‘vexare
424 1652 776 1715 rempublicam,
800 1652 1062 1714 videretque
1087 1652 1151 1700 ita
1170 1662 1313 1700 tracta
1328 1669 1422 1700 esse
1444 1668 1568 1700 com-

236 1718 328 1764 itia
342 1733 459 1765 anno
479 1716 728 1779 superiore,
742 1723 796 1761 ut
818 1730 910 1762 non
934 1716 1104 1763 multos
1123 1732 1301 1764 menses
1321 1725 1570 1780 praeturam

228 1795 401 1844 gerere
427 1789 607 1845 possen
643 1779 725 1842 qui
753 1793 846 1828 non
880 1779 1065 1827 honoris
1098 1780 1293 1842 gradum
1331 1788 1568 1843 spectaret,

234 1856 294 1894 ut
309 1846 475 1904 caetcri,
498 1844 578 1892 sed
598 1851 644 1894 et
666 1844 725 1891 L.
750 1841 1186 1906 Paulmn.collegam
1204 1845 1402 1908 effugere
1415 1844 1568 1902 vellet,

260 1910 273 1920 ”
444 1910 456 1921 ”
481 1908 652 1957 virtute
671 1907 835 1967 civem,
859 1916 904 1954 et
924 1922 1101 1955 annum
1120 1908 1351 1972 integrum
1371 1909 1432 1956 ad
1453 1908 1569 1955 dila-

232 1974 483 2023 cerandam
521 1971 854 2035 rempublicam
891 1981 1142 2034 quaereret3
1190 1973 1342 2021 subito
1385 1970 1571 2033 reliquit

226 2053 413 2086 annum
434 2052 591 2091 suum,
613 2051 753 2098 seque
772 2035 821 2082 in
835 2050 1009 2084 annum
1022 2037 1286 2099 proximum
1305 2035 1567 2091 transmlit3

231 2117 328 2151 non
362 2107 438 2156 (ut.
465 2100 540 2159 fit)
573 2100 792 2161 religione
819 2100 994 2163 aliqua,
1021 2102 1100 2148 sed
1126 2111 1178 2148 ut
1209 2102 1397 2149 haberet
1425 2096 1571 2160 (quod

233 2166 333 2229 ipse
367 2165 587 2223 dicebat),
625 2164 687 2214 ad
709 2172 957 2226 praeturam
985 2165 1250 2228 gerendam,
1284 2163 1373 2210 hoc
1403 2168 1487 2219 est,
1510 2160 1571 2207 ad

230 2229 525 2278 evertendam
543 2227 894 2291 rempublicam,
919 2229 1113 2292 plenum
1132 2241 1310 2275 annum
1337 2232 1478 2287 atque
1497 2223 1570 2270 in-

228 2301 426 2357 regrum.

292 2357 578 2406 Occurrebat
619 2356 680 2416 ci,
722 2371 936 2404 mancam
978 2371 1031 2403 ac
1075 2354 1283 2404 debilem
1318 2358 1567 2415 praeturam

227 2437 361 2474 suam
380 2423 610 2481 futuram,
632 2421 817 2470 consule
844 2420 1057 2478 Milone:
1094 2433 1202 2465 eum
1223 2432 1358 2490 porro
1386 2430 1572 2490 summo

228 2501 451 2600 m
477 2481 1335 2610 „ffifflejffiffigefflwe
1352 2479 1574 2589 &³233

231 2615 503 2679 petitionem
523 2613 624 2678 ipse
645 2613 786 2666 solus,
810 2611 947 2657 etiam
966 2608 1121 2654 invitis
1141 2606 1250 2667 iuis,
1265 2608 1571 2679 guber-parete

231 2688 326 2730 tota
344 2688 401 2729 ut
413 2678 604 2735 comitia
615 2677 713 2732 suis
737 2679 814 2729 (ut
829 2671 1086 2728 dictitabat)
1098 2670 1306 2775 humgns
1320 2667 1573 2713 sustineret·

1173 2738 1195 2776 1
