1858 3020
304 176 397 227 104
588 172 727 222 PRO
761 171 1059 231 MILONE.
1094 171 1222 219 CAP.
1256 172 1336 219 25.

300 296 1650 364 etiam,mu1tiwdodeprehendipoeseindicabamr.Nullum.

302 366 353 426 in
373 365 503 412 Urbe
518 365 689 425 vicum,
706 364 890 412 nullum
903 365 1215 428 angiportum,
1238 379 1331 410 esse
1345 362 1575 418 dicebant,
1588 361 1639 408 in

331 444 393 477 uo
405 429 579 491 Miloni
591 444 683 477 non
696 438 810 477 esset
825 429 1048 478 conducta
1060 429 1224 476 domus
1234 445 1248 474 ε
1272 442 1400 474 arma
1413 427 1460 473 in
1478 425 1641 472 villam

340 493 628 545 ‚criculanam
644 493 830 541 devecta
843 493 1004 541 Tiberi
1019 511 1032 540 z
1056 492 1247 539 domum
1263 491 1311 537 in
1326 490 1441 537 clivo
1455 488 1645 553 Capito-

303 557 400 604 lino
425 557 564 606 scutis
592 558 832 605 refertam:
869 559 1007 620 plena
1040 556 1195 603 omnia
1226 555 1546 601 malleolorum
1578 552 1648 606 ad¹

303 621 446 670 Urbis
465 621 675 669 incendia
701 631 1082 684 comparatorum.
1132 619 1249 666 Haec
1276 633 1368 665 non
1394 618 1546 664 delata
1567 631 1639 663 so·

199 696 205 701 ’
304 687 423 744 lum,
461 686 540 733 sed
573 701 705 748 paene
737 685 935 745 credita5
970 699 1053 732 nec
1090 691 1197 730 ante
1237 681 1475 746 repudiata
1511 688 1639 741 sunt,

305 766 448 813 quam
502 749 674 797 uaesita.
824 772 829 777 ·

371 814 476 861 Lau
509 816 645 861 abam
666 811 879 886 equidem
899 810 1212 859 incredibilem
1240 809 1527 871 diligentiam
1548 807 1638 856 Cn.

307 877 547 940 Pompeii:
573 875 652 924 sed
672 875 839 933 dicam,
854 884 907 922 ut
920 876 1082 932 sentio,
1093 875 1282 936 judices.
1318 872 1474 920 Nimis
1489 874 1648 936 multa·

309 941 468 991 audire
488 948 730 1003 coguntur,
753 954 900 1002 neque
916 939 1047 987 aliter
1067 939 1212 996 facere
1232 945 1438 1001 possunt,
1461 937 1513 994 ii,
1537 936 1642 1000 qui-

311 1007 399 1053 bus
421 1013 516 1052 tota
531 1004 772 1052 commissa
783 1012 850 1050 est
862 1002 1117 1066 respublica
1130 1019 1146 1059 ς
1170 1003 1285 1066 quin
1301 1001 1438 1048 etiam
1450 1001 1643 1048 audien-

308 1068 397 1117 dus
415 1067 555 1117 fuerit
573 1083 696 1142 popa
711 1067 934 1126 Licinius,
957 1066 1107 1114 nescio
1129 1067 1248 1130 quis,
1276 1065 1335 1113 de
1348 1065 1516 1112 Circo:
1553 1080 1646 1112 ser·

313 1148 394 1187 ,vos
415 1132 633 1189 Miloms,
651 1131 775 1195 apud
788 1147 836 1178 se
851 1131 998 1178 ebrios
1018 1131 1175 1187 factos,
1189 1130 1276 1179 sibi
1293 1128 1516 1177 confessos
1529 1143 1643 1188 esse,

311 1211 360 1252 se
381 1196 440 1244 de
465 1195 775 1247 interficiendo
797 1196 883 1244 Cn.
908 1195 1132 1258 Pompeio
1158 1193 1417 1255 conjurasse
1430 1211 1445 1240 ε
1482 1192 1647 1240 deinde

310 1260 711 1335 posteasegladio
744 1275 1009 1335 permissum
1036 1274 1132 1306 esse
1158 1261 1219 1306 ab
1244 1273 1334 1306 uno
1366 1257 1425 1305 de
1451 1258 1645 1316 illis,ne

313 1325 546 1373 indicaret.
571 1325 792 1399 Pompeio
811 1324 861 1373 in
882 1325 1037 1371 hortos
1066 1323 1308 1371 nuntiavit.
1354 1321 1575 1370 Arcessor
1594 1321 1646 1368 in

287 1389 505 1453 ·primis:
541 1389 599 1436 de
619 1403 869 1436 amicorum
892 1387 1131 1445 sententia,
1153 1402 1251 1434 rem
1275 1386 1418 1434 defert
1438 1386 1499 1434 ad
1518 1400 1650 1433 sena-

313 1461 431 1500 tum.
466 1453 577 1500 Non
597 1461 820 1516 poteram,
842 1453 892 1501 in
912 1452 1039 1499 illius
1058 1450 1151 1498 mei
1177 1450 1427 1515 patriaeque
1450 1449 1651 1507 custodis

315 1516 445 1580 tanta
465 1517 732 1579 suspicione,
755 1531 848 1564 non
877 1526 1007 1564 metu
1029 1513 1309 1564 exanimari:
1345 1515 1423 1562 sed
1448 1515 1651 1562 mirabar

315 1589 488 1638 tamen,
513 1580 632 1627 credi
652 1596 815 1642 popae3
853 1578 1182 1643 [ebriosorum]
1206 1579 1531 1628 confessionem
1560 1594 1651 1625 ser-

313 1660 478 1692 vorum
494 1643 643 1690 audiri
660 1661 675 1700 ς
711 1644 879 1691 vulnus
899 1645 949 1691 in
970 1646 1125 1703 latere,
1161 1644 1287 1706 quod
1319 1659 1405 1690 acu
1425 1651 1653 1705 punctum

316 1707 562 1766 videretur,
576 1724 659 1771 pro
674 1708 766 1755 ictu
782 1708 1046 1771 gladiatoris
1060 1707 1257 1771 probari.
1291 1708 1471 1756 Verum
1490 1710 1565 1760 (ut
1580 1706 1652 1753 in-

317 1772 494 1833 telligo)
517 1775 703 1819 cavebat
723 1771 871 1835 magis
889 1772 1156 1835 Pompeius,
1174 1787 1316 1834 quam
1330 1770 1540 1830 timebat,
1557 1784 1650 1817 non

244 1865 257 1870 —
319 1850 373 1882 ea
394 1836 560 1894 solum,
585 1852 690 1899 quae
709 1836 913 1886 timenda
934 1844 1077 1895 erant,
1096 1836 1175 1885 sed
1196 1835 1381 1882 omnino
1403 1835 1578 1893 omnia,
1594 1848 1654 1890 ne

317 1898 493 1962 aliquid
516 1915 594 1947 vos
614 1900 845 1948 timeretis.
880 1899 1167 1973 Oppugnata
1187 1899 1352 1947 domus
1368 1898 1421 1946 C.
1442 1898 1652 1956 Caesaris,

316 1962 553 2026 clarissimi
575 1972 620 2010 et
639 1962 871 2011 fortissimi
892 1964 995 2024 viri,
1029 1979 1109 2028 per
1123 1999 1128 2002 -
1143 1964 1313 2012 multas
1347 1963 1492 2010 noctis
1519 1963 1655 2022 hom

317 2026 630 2078 nuntiabatur.
663 2028 819 2086 Nemo
839 2027 1168 2075 audierattam
1191 2027 1355 2075 celebri
1373 2028 1491 2087 loco,
1516 2041 1654 2076 nemo

319 2100 546 2154 senserat:
571 2100 725 2139 tamen
742 2091 1024 2139 audiebatur.
1061 2092 1112 2138 N
1112 2107 1171 2139 on
1183 2100 1389 2154 poteram
1403 2092 1492 2150 Cn.
1510 2092 1652 2139 Porn-

316 2156 495 2220 peium,
508 2155 880 2232 praestantissima
896 2157 1064 2204 virtute
1085 2155 1253 2217 virum,
1270 2155 1487 2203 timidum
1504 2155 1653 2217 suspi-

319 2221 438 2268 cari:
474 2220 776 2284 diligentiam,
806 2220 903 2267 tota
934 2219 1169 2283 ,republica
1201 2219 1423 2282 suscepta,
1459 2220 1655 2280 nimiam

317 2286 497 2333 nullam
535 2287 770 2349 putabam.
805 2283 1192 2348 Frequentissimo
1230 2292 1387 2338 senatu
1422 2298 1573 2347 nuper
1605 2282 1655 2331 in

319 2348 564 2411 Capitolio,
582 2358 759 2397 senator
770 2348 983 2397 inventus
996 2357 1080 2408 est,
1094 2348 1177 2412 qui
1190 2348 1421 2396 Milonem
1438 2364 1546 2395 cum
1563 2347 1655 2395 telo

319 2426 415 2458 esse
436 2412 616 2461 diceret.
650 2414 701 2460 N
704 2413 861 2461 udavit
880 2429 928 2460 se
949 2412 998 2460 in
1020 2412 1301 2474 sanctissimo
1321 2412 1515 2475 templo,
1539 2426 1655 2475 quo-

319 2473 449 2547 niam
468 2475 562 2523 vita
582 2476 684 2524 talis
706 2486 751 2524 et
780 2477 905 2535 ciyis,
942 2486 987 2524 et
1015 2477 1117 2535 viri,
1153 2476 1292 2524 fidem
1312 2491 1406 2524 non
1439 2476 1653 2535 faciebat,

319 2550 424 2594 nisi,
448 2553 500 2584 eo
521 2547 712 2599 tacente,
731 2556 801 2589 res
821 2542 839 2588 i
871 2556 920 2591 sa
941 2542 1216 2604 loqueretur.

383 2599 549 2648 XXV.
584 2601 759 2663 Omnia
785 2605 813 2651 f
852 2620 902 2652 sa
935 2598 1075 2667 atque
1105 2603 1364 2669 [insidiose]
1391 2604 1501 2653 ficta
1533 2619 1659 2653 oom-

314 2671 446 2726 perta
461 2672 582 2713 sunt.
616 2665 757 2738 Quod
770 2668 808 2717 si
822 2676 975 2739 tamen
987 2668 1209 2720 metuitur
1220 2669 1359 2719 etiam
1370 2683 1499 2728 nunc
1516 2668 1659 2731 Milo,
