1858 3020
505 216 917 269 PHILIPPICA
942 218 1004 270 v.
1029 222 1155 273 off.
1179 227 1226 274 3.
1451 218 1551 281 εστὶ

199 352 416 409 parentes
448 346 737 395 eontinentur
751 350 775 396 ἲ
809 350 846 378 “
867 348 995 396 Mihi
1015 353 1256 414 pecuniam
1282 357 1540 408 attribuit·”

158 445 164 451 ,
206 411 358 473 Cupio
373 410 545 471 videre,
567 412 649 474 qui
668 411 718 458 id
738 412 904 460 audeat
924 414 1085 463 dicere.
1121 418 1251 476 Quid
1264 428 1416 469 autem
1433 440 1542 487 aga-

206 483 297 532 tur,
317 489 430 522 cum
453 490 687 537 aperuero,
704 477 837 524 facile
858 478 943 524 erit
963 486 1176 542 statuere,
1200 498 1342 546 quam
1363 497 1542 536 senten-

205 539 317 585 tiam
338 539 521 595 dicatis,
545 547 625 586 aut
645 555 785 603 quam
809 556 830 588 s
886 543 1079 590 uamini.

265 602 370 649 111.
405 603 451 648 A
491 603 597 661 ’tur‚
632 613 791 651 utrum
891 637 904 651 .
939 606 1148 657 Antonio
1182 610 1372 659 facultas
1410 614 1544 662 detur

202 667 445 730 opprimen
536 667 813 731 reipublicae,
831 670 965 717 caedis
976 671 1194 721 faciendae
1214 676 1456 733 bonorum,
1472 678 1544 726 di·

201 731 424 793 ripiendae
435 731 603 790 Urbis,
621 747 835 794 agrorum
856 734 950 781 suis
961 735 1215 786 latronibus
1236 741 1538 802 condonandi,

198 795 430 857 populum
451 796 721 842 Romanum
756 798 970 845 servitute
1007 802 1297 865 opprimendi
1314 821 1329 860 ς
1364 821 1423 852 an
1455 805 1540 854 ho-

94 879 97 882 *
198 873 304 904 rum
325 859 447 905 nihil
468 858 612 907 faeere
633 859 675 907 ei
694 860 842 908 liceat.
876 861 1117 925 Dubitate,
1142 867 1255 930 quid
1276 870 1432 931 agatis.
1466 870 1539 918 At

195 934 288 969 non
302 922 477 970 eadunt
491 922 590 971 haec
600 923 650 970 in
662 924 941 973 Antonium.
977 928 1083 977 Hoc
1094 945 1153 977 ne
1171 929 1338 995 Cotyla
1350 934 1538 997 quidem

197 985 347 1034 dicere
372 987 574 1034 auderet.
622 987 754 1047 Quid
776 990 898 1037 enim
928 991 978 1038 in
1001 1008 1109 1041 eum
1130 1008 1223 1042 non
1245 996 1368 1044 cadit
1382 1001 1404 1046 Ρ
1436 999 1536 1062 qui,

196 1051 331 1111 cujus
351 1062 455 1098 acta
474 1066 523 1098 se
544 1051 784 1100 defendere
799 1052 926 1113 dicit,
950 1057 1048 1117 ejus
1071 1058 1279 1122 easleges
1412 1064 1533 1123 ertit,

194 1129 313 1178 quas
331 1115 540 1163 maxime
550 1116 739 1163 laudare
750 1125 1027 1180 poteramus.
1062 1122 1151 1170 Ine
1163 1124 1274 1187 palu
1309 1141 1355 1173 es
1371 1125 1537 1174 siccare

191 1178 341 1227 voluit
356 1195 371 1225 ε
407 1178 484 1226 hic
522 1195 709 1229 omnem
744 1181 932 1230 Italiam
975 1185 1209 1235 moderato
1242 1189 1436 1250 homini,
1474 1191 1533 1239 L.

188 1243 424 1301 Antonin,
446 1242 739 1292 dividendam
762 1245 901 1293 dedit.
937 1247 1068 1306 Quid
1083 1252 1105 1297 ἓ
1138 1251 1258 1299 hanc
1278 1252 1428 1316 legem
1449 1270 1534 1318 po-

185 1307 333 1372 pulus
363 1307 609 1355 Romanus
639 1310 812 1373 aocepit
827 1313 850 1358 Ρ
882 1311 998 1374 quid
1013 1315 1036 1360 Ρ
1077 1330 1161 1378 per
1197 1318 1397 1380 auspicia
1426 1318 1534 1367 ferri

183 1371 344 1437 potuit
358 1374 382 1419 Ρ
418 1371 510 1419 Sed
542 1387 692 1435 augur
722 1375 1006 1423 verecundus
1038 1378 1134 1426 sine
1168 1379 1351 1446 collegis
1372 1382 1430 1430 de
1449 1399 1532 1430 au-

181 1434 343 1500 spiciis
357 1451 372 1482 ε
442 1451 697 1500 uamquam
717 1437 799 1485 illa
818 1440 1022 1502 auspicia
1041 1454 1135 1490 non
1157 1458 1292 1507 egent
1312 1445 1532 1512 interpre-

177 1501 375 1551 tatione.
448 1516 531 1549 ove
547 1500 670 1550 enim
687 1512 888 1563 tonante,
911 1520 1019 1552 cum
1040 1508 1213 1572 populo
1233 1509 1308 1573 agi
1329 1527 1421 1559 non
1436 1529 1532 1562 esse

175 1568 270 1625 fas,
291 1566 403 1628 quis
414 1565 596 1628 ignorat
609 1569 632 1615 ἲ
662 1567 864 1616 Tribuni
884 1570 1030 1631 plebis
1043 1573 1247 1621 tulerunt
1266 1575 1324 1623 de
1344 1578 1528 1641 provin-

176 1631 283 1690 ciis,
316 1638 476 1677 eontra
495 1638 596 1678 acta
617 1630 826 1691 Caesaris,
858 1631 962 1693 [ille
981 1635 1236 1697 biennium,
1264 1639 1348 1688 iste
1369 1657 1529 1690 sexen-

172 1695 363 1758 nium]
400 1694 535 1741 Num
564 1694 703 1742 etiam
733 1696 852 1743 hanc
875 1697 1025 1760 legem
1055 1703 1253 1765 populus
1285 1704 1529 1754 Romanus

170 1759 397 1823 accepit?
420 1758 550 1817 Quid
565 1761 589 1807 ἲ
609 1761 900 1823 promulgata
910 1762 1036 1810 fuit?
1060 1765 1190 1824 Quid
1206 1770 1228 1815 Ρ
1249 1783 1401 1816 nonne
1421 1779 1529 1819 ante

170 1827 296 1882 lata,
344 1838 490 1887 quam
525 1824 693 1887 scripta
708 1827 731 1872 Ρ
776 1838 929 1873 nonne
964 1836 1070 1876 ante
1102 1830 1271 1879 factam
1307 1832 1524 1895 vidimus,

171 1903 331 1955 quam
353 1888 563 1935 futuram
585 1888 830 1951 quisquam
852 1898 920 1937 est
941 1893 1191 1956 suspicatus
1206 1898 1229 1944 Ρ

242 1951 353 2001 Ubi
373 1953 454 1999 lex
476 1951 661 1999 Caecilia
693 1962 740 2000 et
771 1952 914 2001 Didia
928 1958 951 2003 Ρ
985 1958 1067 2005 ubi
1095 1976 1258 2022 promu
1339 1961 1420 2020 tio,
1445 1962 1527 2009 tri-

167 2017 455 2069 nundinum
471 2018 494 2064 Ρ
527 2016 610 2063 ubi
640 2031 803 2079 poenae,
835 2021 1003 2068 recenti
1035 2023 1138 2086 lege
1157 2024 1278 2071 Juni
1333 2033 1379 2071 et
1399 2025 1526 2072 Lici-

166 2085 258 2134 nia
273 2086 302 2131 ἶ)
339 2081 601 2128 Possuntne
620 2081 695 2128 hae
715 2082 837 2145 leges
869 2093 980 2131 ratae
1008 2101 1104 2133 esse
1133 2088 1229 2134 sine
1249 2087 1436 2134 interitu
1457 2089 1524 2135 le-

237 2163 298 2195 m
317 2144 603 2207 reliquarum
614 2145 639 2191 ἰ)
669 2145 815 2194 Eocui
834 2156 1031 2211 potestas
1043 2150 1092 2195 in
1104 2150 1257 2198 forum
1264 2149 1527 2197 insinuandi

163 2165 268 2263 ἐξῆ
284 2214 313 2259 Ρ
349 2209 477 2267 Quae
495 2223 631 2320 fflm
650 2210 732 2257 illa
752 2212 982 2258 tonitrua!
1018 2227 1123 2274 quae
1147 2220 1392 2274 tempestas
1402 2212 1427 2284 ,Ξ
1452 2221 1524 2272 ut,

164 2280 207 2328 si
240 2272 461 2338 auspicia
558 2306 570 2319 .
595 2273 859 2322 Antonium
886 2288 982 2321 non
1015 2281 1266 2333 moverent,
1303 2284 1525 2351 sustinere

161 2352 342 2391 tamen
374 2351 486 2385 eum
511 2353 565 2385 ao
592 2338 711 2386 ferre
737 2352 867 2402 posse
888 2344 1065 2384 tantam
1100 2337 1196 2385 vim
1225 2345 1521 2402 tempestans,

157 2403 364 2461 imbria,
387 2417 443 2450 ac
456 2401 715 2461 turbinum,
737 2403 911 2450 mirum
926 2400 1167 2450 videretur.
1201 2400 1359 2460 Quam
1372 2402 1523 2467 legem

156 2471 325 2536 igitur
346 2481 397 2514 se
418 2481 567 2528 augur
581 2466 692 2514 dicit
711 2466 883 2524 nilisse,
906 2479 1000 2513 non
1019 2466 1158 2513 modo
1179 2473 1364 2514 tonante
1384 2468 1522 2529 Jove,

158 2535 249 2585 sed
275 2545 431 2597 prope
445 2530 614 2578 ooelesti
634 2531 833 2577 clamore
851 2529 1137 2592 prohibente,
1154 2528 1273 2577 hanc
1294 2529 1524 2580 dubitabit

156 2608 342 2652 eontra
374 2594 579 2658 auspicia
606 2594 750 2641 latam
782 2592 986 2640 confiteri
1001 2594 1024 2639 ἲ
1058 2592 1189 2651 Quid
1202 2594 1225 2640 P
1291 2593 1385 2640 uod
1413 2609 1531 2660 oum'

152 2683 215 2716 ω
237 2657 435 2723 collega
455 2658 581 2719 tulit,
603 2671 745 2721 quem
756 2656 855 2719 ipse
873 2655 982 2703 fecit
996 2655 1256 2765 ωὲῃιιτὲῑὶει
1291 2670 1378 2703 one
1392 2658 1533 2704 vitio:

1111 2733 1147 2766 A
