1858 3020
78 2688 213 2700 .*

308 216 406 264 35⁰
566 213 973 266 PHILIPPICA
1007 216 1101 265 xl.
1132 216 1276 266 Ου’.»
1296 217 1374 263 11.

303 356 398 406 quo
418 343 561 402 salvo,
584 343 697 392 salvi
718 360 877 394 sumus
897 345 1058 393 futuri.
1107 344 1246 392 Tunc
1280 343 1355 391 vel
1388 341 1441 389 in
1474 342 1647 391 coelum

305 421 403 464 vos,
426 407 466 454 si
487 407 584 455 fieri
605 409 786 472 poterit,
821 411 1028 458 humeris
1061 409 1224 457 nostris
1256 408 1476 455 tollemus
1489 425 1503 453 z
1538 422 1649 470 pro-

305 470 476 519 vincias
518 481 637 520 certe
669 473 959 536 dignissimas
985 475 1120 523 *vobis
1159 473 1426 536 deligemus.
1481 472 1648 529 Nunc,

307 534 434 598 quod
454 537 622 599 agitur,
653 553 856 599 agamus.
905 539 1078 601 Agitur
1098 546 1270 592 autem,
1292 536 1486 583 liberine
1517 535 1649 582 viva-

306 613 430 656 mus,
452 616 513 648 an
534 609 729 649 mortem
749 604 999 658 obeamus3
1034 618 1139 666 quae
1159 609 1277 650 certe
1289 600 1496 648 servituti
1516 607 1650 646 ante-

309 664 521 727 ponenda
543 673 624 712 est.

371 727 516 787 Quid,
541 729 579 776 si
599 729 735 777 etiam
758 730 889 779 affert
916 730 1178 779 tarditatem
1215 730 1302 777 ista
1337 728 1565 777 sententia
1584 726 1646 774 ad

307 789 600 840 Dolabellam
704 795 1043 858 rsequendum?
1077 793 1278 854 Quando
1329 794 1456 840 enim
1492 791 1646 840 veniet

307 857 465 903 consul
481 860 503 905 ἓ
536 872 596 904 an
623 810 1034 922 igeexspectamus,
1058 874 1152 922 quo
1172 874 1230 905 ne
1255 856 1502 919 vestigium
1538 855 1646 919 qui-

306 919 413 967 dem
433 921 556 969 Asiae
584 922 819 970 civitatum
847 932 986 987 atque
1007 924 1194 970 urbium
1214 921 1505 985 relinquatur
1519 923 1543 967 ,⁹
1579 921 1649 966 At

305 984 490 1031 mittent
511 986 711 1049 aliquem
732 987 790 1034 de
811 1003 894 1034 suo
915 1002 1121 1034 numero.
1156 985 1308 1035 Valde
1327 984 1446 1031 mihi
1459 983 1648 1047 probari

304 1057 469 1110 potest,
493 1050 573 1112 qui
601 1050 741 1113 paulo
765 1058 870 1098 ante
892 1051 1140 1098 clarissimo
1164 1050 1261 1097 viro
1293 1049 1474 1112 privato
1494 1049 1650 1112 impe-

305 1111 429 1159 rium
446 1122 575 1160 extra
594 1114 797 1161 ordinem
820 1129 913 1162 non
935 1115 1055 1162 dedi.
1091 1116 1158 1162 At
1177 1114 1415 1161 hominem
1444 1112 1650 1175 dignum

306 1176 506 1223 mittent.
542 1178 674 1224 Num
697 1180 753 1226 P.
783 1179 975 1226 Servilio
995 1179 1249 1242 digniorem
1265 1180 1287 1225 Ρ
1326 1186 1374 1223 at
1399 1192 1510 1224 eum
1542 1177 1651 1240 qui-

306 1239 415 1287 dem
435 1240 591 1289 civitas
604 1257 696 1289 non
716 1244 868 1291 habet.
903 1242 1046 1302 Quod
1068 1258 1173 1306 ergo
1194 1243 1291 1306 ipse
1313 1241 1490 1288 nemini
1511 1245 1674 1304 putat*

308 1304 532 1365 dandum,
556 1321 614 1353 ne
643 1323 671 1354 a
697 1317 855 1355 senatu
924 1307 1099 1363 uidem,
1122 1307 1170 1354 id
1190 1321 1275 1369 ego
1296 1305 1437 1353 unius
1468 1304 1650 1366 judicio
1673 1370 1677 1374 ⁴

309 1368 514 1416 delatum
536 1374 827 1434 comprobem
842 1373 864 1418 ?
891 1324 1131 1434 ‹iixpedito
1146 1371 1277 1418 nobis
1287 1369 1479 1416 homine
1499 1376 1546 1415 et
1561 1384 1649 1432 pa-

309 1441 425 1489 rato,
450 1441 599 1496 patres
620 1435 876 1500 conscripti,
906 1451 1021 1498 opus
1043 1444 1125 1494 est,
1149 1443 1194 1482 et
1215 1450 1269 1482 eo
1290 1434 1375 1497 qui
1393 1432 1647 1495 imperium
1671 1445 1679 1454 ·

306 1495 566 1557 legitimum
597 1498 795 1557 habeatg
829 1500 912 1564 qui
946 1507 1160 1564 praeterea
1193 1499 1521 1553 auctoritatem,
1556 1509 1646 1542 no-

307 1573 435 1670 ἷῐὶὶξὲὶ,
458 1562 724 1671 egl-citum,
760 1566 1048 1628 perspectum
1082 1565 1292 1612 animtun
1327 1563 1375 1610 in
1408 1559 1645 1624 republica

404 1638 483 1670 ran
547 1658 557 1669 .

335 1713 343 1721 -
391 1686 485 1735 XI.
520 1689 641 1747 Quis
661 1690 803 1754 igitur
821 1692 862 1740 is
883 1692 985 1740 est?
1016 1692 1119 1741 Aut
1154 1690 1228 1739 M.
1251 1691 1448 1749 Brutus,
1482 1696 1565 1736 aut
1584 1687 1649 1736 C.

309 1749 512 1811 Cassius,
529 1761 611 1800 aut
626 1763 831 1820 uterque.
867 1756 1168 1804 Decor-nerem
1180 1756 1335 1819 plane,
1350 1755 1469 1802 sicut
1480 1754 1662 1812 multa,'

307 1816 539 1864 consulem
557 1818 769 1879 alterum,
784 1823 994 1881 ambove,
1012 1821 1061 1867 ni
1077 1821 1280 1868 Brutum
1297 1819 1650 1882 colligassemua

307 1877 355 1924 in
372 1879 568 1941 Graecia,
587 1890 632 1930 et
644 1885 742 1944 ejus
755 1885 983 1932 auxilium
999 1885 1058 1932 ad
1077 1884 1262 1931 Italiam
1277 1898 1482 1945 vergere,
1500 1896 1649 1945 quam

308 1941 368 1990 ad
388 1944 572 2004 Asiam,
594 1948 914 1996 maluissemus
929 1966 944 1996 ε
981 1947 1100 2010 [non
1121 1956 1175 1996 ut
1200 1963 1258 1995 ex
1276 1948 1331 1994 ὠ,
1352 1947 1450 1994 acie
1469 1949 1652 2008 roepe‘c-

309 2014 412 2054 tum
432 2008 748 2076 haberemus,]
765 2012 843 2060 sed
854 2020 909 2059 ut
928 2012 1030 2076 ipsa
1049 2012 1166 2060 acies
1179 2011 1437 2059 subsidium
1457 2010 1656 2057 haberet

310 2071 449 2120 etiam
463 2076 832 2123 transmarinum.
866 2077 1109 2134 Praeterea,
1126 2085 1276 2140 patres
1292 2074 1553 2136 conscripti,
1573 2073 1672 2120 Mc

308 2136 515 2185 Brutum
544 2139 707 2187 retinet
739 2141 876 2188 etiam
906 2155 1032 2188 nunc
1061 2141 1117 2188 C.
1139 2140 1395 2198 Antonius,
1417 2137 1501 2201 qui
1524 2145 1655 2184 tenet

309 2200 628 2264 Apolloniam,
673 2219 892 2268 magnam
934 2206 1098 2252 urbem
1142 2213 1187 2252 et
1232 2218 1421 2266 gravem
1437 2219 1451 2248 z
1504 2209 1682 2263 tenet„
1741 2201 1750 2209 '

308 2265 487 2326 opinor,
521 2266 785 2330 Byllidemz
820 2275 945 2316 tenet
964 2268 1238 2316 Amantiam
1254 2286 1268 2314 ε
1303 2267 1443 2314 instat
1465 2265 1654 2327 Epiruz

307 2337 443 2388 urget
464 2330 734 2392 Illyricum:
757 2332 896 2380 habet
907 2333 1083 2397 aliquot
1096 2331 1331 2387 cohortem
1354 2331 1494 2378 habet
1516 2328 1684 2391 equi-t

309 2395 475 2437 tatum.
523 2393 666 2455 Hinc,
699 2397 738 2443 si
758 2396 936 2449 Brutus
958 2396 1042 2444 erit
1061 2396 1297 2443 traductus
1318 2394 1379 2442 ad
1398 2392 1530 2441 aliud
1549 2394 1661 2440 bela
1673 2450 1686 2461 .

306 2448 426 2505 lum,
460 2453 688 2506 G‘raeciam
708 2469 826 2508 certe
847 2460 1148 2509 amiserimus.
1195 2460 1285 2508 Est
1315 2468 1468 2506 autem
1505 2456 1661 2505 effi

305 2509 363 2554 de
391 2512 656 2579 Brundisio,
696 2531 835 2586 atque
865 2523 948 2571 illa
981 2523 1062 2571 or'a
1096 2523 1264 2582 Italiae,
1293 2518 1668 2586 providenffiffl.

307 2569 610 2653 Qamquam
632 2586 773 2633 miror
794 2588 986 2634 tamdiu·
1006 2587 1176 2634 morari
1203 2587 1501 2634 Antonium}
1527 2585 1669 2641 *solet

306 2645 428 2679 emm
464 2653 664 2706 a§cupere
696 2648 794 2711 ipse
827 2651 1047 2710 manicas,
1069 2662 1153 2699 nec
1189 2651 1367 2698 diutius
1399 2649 1668 2698 obsidionis

234 2712 279 2763 Ἃ,
303 2702 480 2744 metum
510 2707 745 2758 sustinere.
789 2713 1000 2772 Quodsi
1013 2714 1254 2763 confecerit
1274 2716 1469 2775 Brutus,
1493 2718 1562 2763 'et
1579 2713 1669 2759 in-
