1858 3020
481 200 888 257 PmmPchA
908 206 1060 258 v111.
1096 209 1222 258 cn.
1244 210 1292 257 s.
1448 196 1554 257 '360

177 340 194 347 “’
208 330 362 397 potest
383 349 479 382 esse
498 336 683 396 maior?
714 335 936 384 Deiectus
957 336 1056 384 tota
1077 335 1218 384 Italia
1236 336 1420 394 decreti,
1442 337 1555 384 suba

209 399 316 447 latis
351 399 692 447 vacationibus:
728 415 838 463 saga
869 415 969 448 cras
1004 409 1273 448 sumentur-z
1308 401 1469 448 consul
1507 415 1557 448 se

209 474 462 574 mssffl
462 463 562 575 18Ξί
576 464 1085 577 Ἥωωῖιῗῒη
1101 527 1241 576 etiam
1264 535 1446 575 tantum
1457 528 1557 575 bel-

210 590 333 649 lum,
355 598 587 653 quantum
608 607 849 655 nunquam
879 593 1005 640 fuit?
1053 592 1240 641 Caeteris
1262 592 1386 638 enim
1504 591 1515 602 ⁸

209 655 510 717 maximeque
523 655 748 715 civilibus,
760 657 1102 705 contentionem
1122 657 1189 704 rei
1208 656 1407 719 publice
1427 670 1563 703 cansa

210 717 425 765 faciebat.
465 720 598 767 Sulla
610 735 717 766 cum
735 721 941 784 Sulpicio
955 721 1012 769 de
1028 722 1133 783 jure
1151 721 1330 783 legum,
1353 734 1470 782 quas
1481 733 1564 782 per

211 782 311 828 vim
324 783 442 829 latas
456 783 587 830 Sulla
607 783 809 831 dicebat:
843 785 996 832 Cinna
1009 801 1118 832 cum
1132 784 1328 833 Octavio
1347 783 1407 830 de
1422 798 1564 831 novo-

211 860 323 892 rum
339 846 513 895 civium
527 847 756 910 suffragiis
773 865 787 894 ε
822 864 981 897 rursus
1000 864 1109 897 cum
1123 848 1280 896 Mario
1294 857 1342 896 et
1354 847 1565 895 Carbone

215 910 368 968 Sulla,
393 924 452 957 ne
472 911 818 960 dominarentur
837 913 1034 976 indigni,
1058 922 1104 961 et
1124 921 1179 960 ut
1206 911 1562 960 clarissimorum

213 973 461 1022 hominum
490 975 854 1024 crudelissimam
883 978 1126 1040 puniretur
1151 991 1324 1024 necem.
1372 975 1561 1023 Horum

213 1038 430 1085 omnium
463 1039 691 1086 bellorum
714 1055 862 1088 causae
882 1057 943 1088 ex
968 1041 1034 1089 rei
1059 1041 1257 1104 publicae
1277 1039 1564 1088 contentione

211 1110 339 1149 natae
359 1111 497 1160 sunt3
531 1102 590 1151 de
609 1104 823 1167 proximo
842 1105 966 1153 bello
987 1105 1111 1154 civili
1130 1119 1226 1152 non
1245 1105 1361 1153 libet
1379 1103 1529 1151 dicere
1540 1120 1559 1151 ,ε

214 1165 379 1228 ignoro
394 1182 580 1215 causam
592 1185 606 1214 ε
641 1168 838 1216 detestor
852 1169 1044 1216 exitum.

212 1248 224 1257 ·
282 1231 385 1278 111.
408 1231 515 1279 Hoc
525 1232 703 1280 bellum
715 1233 934 1296 quintum
947 1233 1078 1280 civile
1089 1233 1278 1296 geritur,
1291 1237 1451 1296 (atque
1460 1246 1563 1280 om-

213 1295 297 1342 nia
308 1295 359 1341 in
374 1304 578 1343 nostram
590 1304 774 1344 aetatem
789 1297 1068 1356 inciderunt)
1081 1298 1411 1360 primum,non
1424 1294 1563 1343 modo

214 1373 314 1406 non
334 1359 385 1411 in
401 1359 677 1408 dissensione
690 1369 735 1408 et
750 1361 976 1408 discordia
989 1361 1177 1421 civium,
1195 1361 1275 1409 sed
1289 1362 1338 1407 in
1354 1360 1562 1408 maxima

218 1423 529 1483 consensione,
563 1424 910 1488 incredibilique
944 1425 1211 1473 concordias
1238 1439 1405 1473 -omnes
1437 1424 1562 1472 idem

218 1488 399 1547 volunt,
427 1487 551 1537 idem
573 1488 841 1550 defendunt,
865 1489 990 1538 idem
1012 1490 1227 1538 sentiunt.
1263 1490 1387 1539 Cum
1401 1503 1562 1539 omnes

212 1552 341 1610 dico,
373 1568 450 1600 eos
483 1554 677 1617 excipio,
716 1570 833 1618 quos
853 1570 992 1603 nemo
1024 1556 1204 1603 civitate
1227 1555 1390 1619 dignos
1409 1563 1558 1619 putat.

211 1616 343 1676 Quoe
362 1626 433 1665 est
451 1618 654 1681 igiturin
669 1619 822 1667 medio
842 1620 955 1667 belli
975 1635 1113 1670 cansa
1131 1621 1313 1684 posita?
1335 1620 1562 1668 nosDeo-

211 1696 326 1728 rum
357 1681 692 1730 immortalium
714 1684 905 1747 templa,
928 1698 1014 1731 nos
1032 1700 1206 1744 muros,
1230 1700 1314 1733 nos
1334 1684 1565 1732 domicilia

210 1744 440 1809 sedesque
460 1746 622 1809 populi
639 1748 859 1807 Romani,
882 1757 1086 1811 penates,
1107 1764 1225 1808 aras,
1247 1750 1386 1807 focos,
1409 1748 1563 1811 sepul-

211 1823 296 1856 cra
324 1810 591 1871 majorum,
625 1826 709 1858 nos
729 1811 870 1874 leges,
891 1812 1080 1873 judicia,
1102 1813 1377 1872 libertatem,
1401 1813 1562 1872 conjn-

213 1881 318 1936 ξω,
340 1873 523 1932 liberos,
545 1875 743 1937 patriam
764 1875 1082 1925 defendimusz
1116 1886 1274 1925 contra
1302 1878 1377 1925 M.
1407 1876 1563 1924 Anto·

217 1937 328 1984 nius
348 1937 397 1984 id
418 1939 624 1997 molitur,
648 1939 697 1986 id
718 1949 917 2013 pugnat,
940 1951 995 1988 ut
1014 1942 1113 1990 haec
1133 1943 1289 1989 omnia
1308 1942 1561 2004 perturbet,

213 2010 411 2059 evertat,
441 2002 646 2065 praedam
667 2005 929 2067 reipublicae
961 2021 1146 2054 causam
1167 2006 1278 2053 belli
1297 2011 1447 2066 putet,
1469 2004 1562 2049 for-

209 2073 389 2176 mags·
380 2076 556 2113 nostras
575 2067 743 2130 partim
763 2069 970 2133 dissipet,
997 2070 1168 2133 partim
1196 2066 1435 2129 dispertiat
1453 2080 1562 2128 par-

217 2143 305 2176 rici

209 2217 218 2226 -
291 2193 353 2242 In
374 2194 464 2242 hac
483 2203 579 2243 tam
601 2196 772 2260 dispari
791 2198 966 2245 ratione
980 2195 1109 2253 belli,
1122 2193 1433 2241 miserrimum
1449 2188 1569 2237 illud

222 2265 313 2315 est,
337 2260 462 2321 quod
484 2259 562 2307 ille
582 2261 836 2309 latronibus
857 2260 952 2307 suis
971 2258 1229 2321 pollicetur,
1259 2255 1474 2325 primum·
1486 2252 1571 2300 do·-

205 2336 360 2378 ‘mosg
397 2323 575 2371 Urbem
596 2324 719 2372 enim
750 2341 799 2372 se
819 2323 1076 2371 divisurum
1099 2321 1367 2367 confirmatz
1403 2315 1569 2364 demde

221 2386 444 2434 omnibus
464 2388 625 2451 portis,
643 2404 737 2452 quo
755 2388 913 2444 velint,
927 2384 1250 2442 deducturum.
1284 2381 1462 2429 Omnes
1476 2380 1567 2429 Ca-

223 2450 420 2512 pbones,
438 2466 596 2499 omnes
617 2455 769 2512 Saxae,
786 2460 1050 2512 caeteraeque
1064 2455 1229 2510 pestes,
1247 2461 1353 2510 quae
1444 2460 1567 2495 uun-

209 2523 303 2561 ³tur
323 2514 607 2573 Antonium,
626 2516 749 2564 aedes
761 2516 849 2563 sibi
860 2514 1075 2587 optimae,
1089 2511 1260 2572 hortos,
1278 2460 1564 2570 'ruffinum

203 2578 431 2639 ·Albana,
467 2580 708 2628 definiunt.
755 2581 928 2650 Atque‘
957 2586 1096 2625 enam
1124 2578 1336 2626 homines
1368 2586 1566 2640 agrestes

207 2642 279 2692 Asi
300 2644 515 2694 homines
533 2644 698 2706 ing-ac
716 2659 812 2693 non
839 2643 1037 2706 pecudes
1063 2642 1239 2705 potius)
1261 2642 1388 2690 inani
1409 2640 1567 2702 spead
