1858 3020
401 180 542 230 PRO
575 179 875 238 MinoNE.
932 180 1350 241 ARGUMENT.
1479 185 1543 241 72

208 439 536 488 nuntiaverant
557 446 713 486 tamen
727 436 987 494 triumviro,
1002 451 1062 484 ne
1074 452 1257 486 servum
1277 440 1545 490 remitteret.

207 502 289 549 sed
313 501 498 565 postera
517 502 592 549 die
617 501 806 558 Coelius,
837 500 1052 547 tribunus
1071 502 1234 563 plebis,
1257 512 1303 550 et
1323 504 1549 554 Manilius

208 566 446 615 Gauianus
475 567 651 627 collega
692 566 808 624 eju8‚
845 573 1057 627 ereptum
1087 581 1117 612 e
1148 565 1287 613 domo
1320 567 1548 617 triumviri

205 645 394 677 servum
416 630 590 681 Miloni
611 628 920 676 reddiderunt.

267 694 375 742 Etsi
396 695 579 742 nullam
615 693 674 740 de
710 693 783 740 liis
814 692 1086 740 numinibus
1118 694 1401 743 mentionem
1438 696 1547 745 fecit

203 756 398 869 ῦιοᾟιὲς
434 767 608 816 tamen,
639 756 751 820 quia
781 758 846 804 ita
863 771 1192 819 compereram,
1223 760 1385 822 putavi
1406 775 1547 823 expo-

204 835 296 869 nen

266 886 402 933 Inter
412 886 602 948 primos,
624 894 670 932 et
690 884 754 943 Q.
777 885 1044 947 Pompeius,
1067 894 1114 933 et
1134 886 1188 934 C.
1212 887 1474 947 Sallustius,
1497 897 1544 936 et

200 949 263 996 Τ.
289 950 539 997 Munatius
570 949 786 1006 Plancus,
810 949 984 996 tribuni
1015 950 1176 1023 plebis,
1208 950 1543 1003 inimicissimas

198 1014 439 1061 conciones
464 1014 523 1060 de
556 1013 739 1060 Milone
765 1013 1011 1070 habebant,
1043 1013 1287 1062 invidiosas
1321 1015 1460 1063 etiam
1481 1016 1540 1071 de

200 1077 439 1137 Cicerone,
483 1076 610 1140 quod
644 1076 874 1123 Milonem
903 1086 1030 1124 tanto
1072 1078 1221 1125 studio
1262 1077 1537 1131 defenderet.

350 1157 413 1188 ue
442 1141 651 1191 maxima
672 1155 778 1202 pars
798 1140 1109 1187 multitudinis
1126 1140 1322 1215 infensa,
1344 1158 1438 1191 non
1466 1161 1538 1193 so·

383 1205 514 1262 iloni,
529 1204 644 1252 sed
629 1204 720 1267 ipsi
739 1203 899 1266 etiam,
916 1213 1104 1266 propter
1123 1205 1324 1253 invisum
1344 1209 1539 1269 petroci»

196 1268 348 1327 nium,
374 1268 598 1317 Ciceroni.

262 1333 433 1380 Postea
455 1332 708 1395 Pompeius
732 1338 779 1379 et
806 1331 1095 1379 Sallustius
1081 1346 1130 1379 in
1159 1331 1413 1396 suspicione
1437 1333 1539 1383 fue-

194 1403 323 1453 runt,
357 1396 408 1444 in
437 1396 633 1459 gratiam
669 1395 838 1443 redisse
872 1411 980 1442 cum
1003 1395 1186 1443 Milone
1221 1412 1275 1444 ac
1302 1395 1534 1449 Cicerone.

194 1460 400 1508 Plancus
411 1469 567 1508 autem
576 1458 872 1507 infestissime
891 1459 1103 1523 perstitit,
1126 1468 1265 1524 atque
1284 1460 1333 1508 in
1354 1460 1535 1512 Cicero-

191 1538 302 1571 nem
311 1541 498 1589 quoque
508 1524 884 1576 multitudinem
869 1524 1132 1587 instigavit.
1147 1525 1369 1600 Pompeio
1375 1537 1533 1580 autem

188 1598 458 1663 mspectuin
480 1590 675 1636 faciebat
690 1588 939 1648 Milonem,
958 1588 1017 1635 ad
1031 1590 1277 1652 perniciem
1291 1592 1389 1652 ejus
1405 1608 1531 1640 oom-

190 1653 347 1714 parari
370 1653 466 1700 vim
502 1652 801 1701 vociferatae.
838 1652 1179 1715 Pompeiusque
1200 1657 1259 1702 ob
1280 1670 1334 1701 ea
1364 1657 1531 1719 soepius

180 1718 484 1791 querebam,
508 1717 607 1765 fieri
636 1716 722 1763 sibi
751 1731 938 1778 quoque
961 1716 1163 1775 insidias,
1186 1726 1232 1764 et
1263 1718 1313 1765 id
1344 1720 1526 1782 palam.

188 1794 245 1827 ac
261 1780 437 1840 majore
454 1795 598 1828 manu
615 1796 663 1827 se
678 1781 901 1828 armabat.
935 1779 1185 1827 Dicturum
1201 1798 1265 1844 qu
1326 1799 1384 1830 ue
1404 1783 1530 1832 diem

189 1843 401 1892 Cice-oni
416 1845 618 1892 Plancus
638 1843 928 1891 ostendebat.
953 1853 1110 1907 postea
1128 1854 1283 1893 autem
1356 1847 1531 1895 .Pom-

184 1909 319 1971 peius
339 1908 465 1956 idem
493 1908 734 1955 minitatus
756 1916 866 1964 erat.
912 1907 1069 1955 Tanta
1100 1917 1254 1957 tamen
1276 1913 1531 1962 constantia

185 1987 243 2020 ac
255 1972 371 2020 fides
390 1972 483 2020 fuit
498 1972 748 2031 Ciceronis,
770 1980 825 2018 ut
844 1987 938 2019 non
959 1973 1119 2036 populi
1133 1991 1162 2022 a
1176 1990 1225 2023 se
1236 1974 1526 2034 alienatione,

184 2050 280 2083 non
311 2037 401 2084 Cn.
424 2037 546 2088 Pom
495 2052 639 2148 mAEeu
659 2036 1009 2099 suspicionibus,
1035 2053 1129 2085 non
1161 2038 1354 2101 periculi
1378 2038 1529 2090 futui-i

184 2110 335 2160 metu,
363 2100 403 2147 si
425 2101 514 2152 sibi
660 2100 801 2163 adpo
798 2100 968 2163 pulum
988 2100 1228 2162 diceretur,
1251 2116 1344 2150 non
1369 2101 1526 2162 armis,

184 2179 293 2226 quae
313 2165 507 2227 palam
493 2179 543 2211 in
560 2116 833 2212 Milonemp
814 2173 969 2211 sumta
990 2175 1136 2223 erant,
1157 2164 1371 2213 deterreri
1391 2173 1528 2227 potu·

182 2228 270 2276 erit
290 2244 320 2275 a
345 2228 614 2282 defensione
644 2230 761 2289 ejus,
790 2244 898 2278 cum
924 2237 1076 2291 posset
1104 2243 1242 2276 omne
1269 2226 1529 2290 periculum

181 2307 342 2351 mum,
356 2303 405 2340 et
418 2291 744 2340 offensionem
730 2292 928 2339 mimicae
940 2291 1267 2351 multitudinis,
1281 2289 1526 2351 declinare,

179 2356 569 2404 rodimereeti’am
602 2355 692 2405 Cn.
714 2354 1527 2430 Pompeiianimum,sipaulumex

179 2420 336 2468 studio
355 2420 633 2469 defensionis
654 2421 912 2470 remisisset.

243 2482 435 2534 Perlata
465 2484 634 2534 deinde
660 2486 763 2546 lege
796 2481 1065 2557 Pompeii,
1051 2497 1103 2529 in
1135 2477 1231 2543 qua
1258 2480 1309 2530 id
1341 2496 1527 2556 quoque

178 2549 405 2624 scriptum
443 2557 558 2608 erat,
592 2557 647 2596 ut
681 2547 901 2612 quaesitor
932 2544 1151 2616 suffragio
1179 2544 1358 2618 populi,
1390 2560 1449 2591 ex
1469 2544 1527 2592 iis

178 2613 262 2675 qui
281 2613 495 2666 consules
509 2613 712 2671 fuerant,
726 2621 972 2668 crearetur,
985 2615 1141 2654 statim
1153 2607 1338 2656 comitia
1347 2605 1440 2654 hab
1409 2606 1529 2659 buit,

176 2685 452 2742 amnisque
485 2685 585 2726 erat
617 2677 676 2724 Ia.
710 2672 951 2724 Domitius
981 2659 1275 2777 ΙΕιιοὶζῖειὲιιιε
1303 2666 1534 2728 quasitot
