1858 3020
527 172 937 226 PHILIPPICA
969 174 1094 240 ΧΠ.
1127 174 1255 224 cu.
1283 175 1358 222 12
1508 174 1606 236 367

293 343 297 350 ,
338 302 552 353 Memini
583 303 814 367 colloquia
834 311 881 351 et
906 318 1020 351 cum
1047 303 1282 353 acerrimis
1314 302 1541 364 hostibus,
1574 312 1623 352 et

268 383 385 416 eum
416 366 687 431 gravissime
719 366 1089 417 dissentientibus
1121 367 1313 416 civibus.
1347 366 1436 415 Cn.
1472 368 1617 417 Pom-

275 431 429 495 peius,
453 431 586 480 Sexti
626 430 769 491 filius,
791 430 968 491 consul,
990 440 1326 544 mexpraesente,
1353 447 1460 479 cum
1483 448 1627 482 essem

273 496 366 544 tiro
384 496 436 544 in
460 496 566 556 ejus
591 495 810 555 exercitu,
841 511 950 543 cum
980 496 1037 544 P.
1111 504 1220 543 ettto
1254 496 1465 556 Scatone,
1500 496 1618 556 duce

273 558 566 618 Marsorum,
579 559 698 607 inter
719 560 828 608 bina
849 568 995 608 castra
1009 560 1261 608 collocutus
1277 568 1358 608 est.
1389 559 1500 619 Quo
1513 561 1618 624 qui.

273 624 388 672 dem
408 622 603 671 memini
632 625 739 671 Sex.
775 624 1071 687 Pompeium,
1104 624 1294 672 fratrem
1321 623 1536 682 consulis,
1559 624 1621 673 ud

273 687 566 751 colloquium
581 687 737 751 ipsum
753 687 907 736 Roma
927 688 1097 747 venire,
1116 688 1303 736 doctum
1317 688 1468 736 virum
1483 696 1623 752 atque

276 751 560 815 sapientem:
597 768 738 815 quem
760 768 868 801 cum
890 754 1026 801 Scato
1047 753 1304 810 salutasset,
1340 755 1374 780 ‘⁶
1398 751 1555 810 Quem
1577 761 1624 801 te

279 817 516 879 appellem
532 817 590 864 ?'’
625 816 792 880 inquit.
833 820 906 864 At
924 817 1024 876 ille,
1050 820 1084 845 “
1102 816 1358 866 Voluntate
1376 816 1625 880 hospitem,

279 880 548 929 necessitate
567 881 797 929 hostem-’⁹
838 882 957 929 Erat
981 881 1030 928 in
1052 881 1132 928 illo
1154 880 1381 942 colloquio
1403 881 1593 944 aequitas
1607 898 1622 929 z

277 944 443 992 nullus
464 944 618 1005 timor,
635 945 767 992 nulla
782 948 965 994 suberat
986 945 1181 1009 suspicio
1196 963 1209 992 ε
1245 944 1471 992 mediocre
1488 944 1628 993 etiam

281 1009 448 1057 odium
465 1026 479 1055 ε
514 1024 607 1057 non
630 1009 772 1068 enim,
796 1019 850 1058 ut
870 1010 1097 1073 eriperent
1107 1009 1240 1057 nobis
1253 1009 1363 1056 socii
1378 1008 1626 1068 civitatem,

282 1073 369 1121 sed
389 1081 451 1121 ut
463 1073 513 1120 in
534 1088 635 1120 eam
660 1074 981 1137 reciperentur,
995 1075 1226 1137 petebant.
1261 1073 1394 1121 Sulla
1407 1088 1512 1121 cum
1531 1073 1630 1121 Sci-

283 1138 442 1201 pione,
465 1137 583 1184 inter
602 1138 737 1186 Cales
771 1146 817 1185 et
844 1139 1079 1195 Teanum,
1116 1153 1223 1186 cum
1245 1139 1359 1186 alter
1381 1137 1632 1185 nobilitatis

284 1201 469 1259 florem,
500 1200 618 1250 alter
646 1202 757 1249 belli
777 1201 920 1250 socios
943 1202 1239 1259 adhibuisset,
1274 1202 1333 1250 de
1365 1202 1632 1250 auctoritate

284 1268 490 1325 seth
512 1265 570 1312 de
589 1266 817 1329 suffrag-iis
832 1266 1011 1329 populi,
1026 1274 1073 1312 et
1088 1266 1146 1312 de
1158 1267 1262 1326 jure
1278 1266 1490 1323 civitatis,
1508 1266 1632 1329 leges

286 1330 408 1377 inter
424 1345 488 1388 se,
503 1329 635 1377 condi
641 1330 889 1393 tionesque,
904 1330 1210 1377 contulerunt.
1247 1330 1357 1377 Non
1370 1329 1518 1377 tenuit
1530 1345 1633 1377 om-

285 1393 706 1507 :Ibli'o‘t-oeuoqfflum
725 1394 845 1442 illud
864 1393 1007 1442 fidem
1021 1410 1036 1440 ε
1070 1409 1100 1442 a
1112 1394 1158 1441 vi
1170 1403 1325 1442 tamen
1337 1395 1631 1459 periculoque

373 1473 422 1505 ιιι

354 1523 481 1572 XII.
504 1524 814 1572 Possumusne
824 1524 1028 1588 igiturin
1040 1523 1238 1573 Antonii
1248 1525 1486 1575 latrocinio
1500 1542 1632 1591 aeque

286 1603 393 1637 esse
412 1588 538 1637 tuti?
574 1589 685 1636 Non
702 1605 972 1652 possumus:
996 1598 1095 1651 aut,
1115 1590 1153 1638 si
1169 1592 1317 1640 caeteri
1329 1603 1536 1656 possunt,
1553 1606 1633 1640 me

285 1667 425 1716 posse
445 1652 616 1700 diffido.
651 1652 793 1712 Quod
806 1654 845 1701 si
860 1668 955 1701 non
968 1663 1096 1711 extra
1108 1665 1253 1703 castra
1265 1657 1629 1719 congrediemur,

289 1732 401 1780 quae
420 1717 480 1764 ad
499 1717 782 1780 colloquium
809 1727 957 1776 castra
984 1722 1261 1768 sumentur?
1298 1720 1356 1767 ln
1379 1730 1532 1768 nostra
1551 1719 1633 1767 ille

290 1796 538 1845 nunquam
559 1782 711 1829 veniet
725 1801 739 1828 z
775 1783 924 1830 multo
946 1782 1100 1830 minus
1122 1797 1205 1831 nos
1226 1783 1275 1830 in
1307 1784 1448 1832 illius.
1498 1783 1634 1832 Reli-

293 1860 447 1909 quum
466 1854 552 1905 est,
573 1854 628 1895 ut
652 1854 703 1893 ‚et
723 1846 1002 1909 accipiantur
1022 1855 1068 1894 et
1088 1848 1378 1897 remittantur
1398 1848 1631 1912 postulata

290 1925 377 1973 per
394 1910 562 1963 litetafl·
603 1909 731 1972 Ergo
752 1911 922 1967 erimus
942 1911 991 1959 in
1013 1912 1181 1960 castris.
1229 1913 1361 1973 Mea,
1394 1913 1454 1960 ad
1475 1911 1632 1959 omnia

288 1974 540 2086 ζώω,
560 1988 658 2023 una
676 1976 928 2033 sententia3
963 1993 1107 2040 quam
1127 1993 1235 2026 cum
1264 1978 1359 2037 hic,
1391 1977 1520 2025 vobis
1544 1990 1630 2022 au-

329 2038 340 2049 ‘
370 2038 544 2097 ntibus,
566 2038 740 2099 dixero,
764 2040 853 2088 isse
872 2050 920 2089 et
940 2041 1109 2089 redisse
1128 2057 1205 2089 me
1232 2048 1440 2104 putatote
1456 2057 1470 2086 ε
1504 2039 1631 2099 lega-

291 2102 469 2150 tionem
486 2103 735 2152 confecero.
768 2104 945 2153 Omnia
964 2104 1024 2151 ad
1045 2114 1254 2152 senatum
1282 2101 1387 2149 mea
1407 2100 1631 2148 sententia

290 2166 1070 2294 ‘ffleffigsswfflzgzffih
1041 2165 1432 2278 ΜΗ
1449 2164 1632 2275 ἐξᾞε

701 2266 716 2290 9

293 2295 474 2354 ordine,
512 2303 583 2353 ut,
614 2295 750 2343 bellis
783 2293 1013 2351 confectis,
1049 2292 1207 2339 decem
1238 2291 1400 2353 legatis
1429 2289 1634 2354 permitti

294 2359 415 2406 solet
441 2374 569 2407 more
598 2361 828 2421 majorum
843 2375 858 2405 ε
892 2368 1044 2420 neque
1075 2356 1174 2403 ulla
1207 2354 1394 2402 omnino
1423 2370 1453 2403 a
1474 2363 1635 2401 senatu

295 2423 520 2471 mandata
530 2424 800 2486 accepimus.
834 2422 958 2481 Quae
972 2435 1077 2468 cum
1092 2435 1228 2483 agam
1241 2419 1289 2467 in
1303 2419 1507 2479 consilio,
1517 2433 1635 2467 non-

299 2487 446 2535 nullis
482 2491 557 2541 (ut
590 2485 804 2546 arbitror)
921 2485 1222 2547 ugnantibuS,
1250 2499 1403 2532 nonne
1427 2493 1639 2531 metuen-

294 2551 417 2598 dum
429 2559 515 2610 est,
525 2566 585 2598 ne
596 2549 809 2613 imperita
872 2549 883 2560 ⁶
907 2549 1025 2595 'tum
1037 2547 1287 2595 multitudo
1299 2563 1464 2611 perme
1475 2561 1637 2608 pacem

291 2613 505 2663 distineri
519 2622 651 2678 putet
669 2616 691 2660 ?

361 2677 538 2737 Facite,
571 2676 660 2725 hoc
686 2688 844 2724 meum
874 2674 1115 2723 consilium
1141 2673 1344 2735 legiones
1370 2687 1511 2722 novas
1543 2684 1633 2714 ιμ’·
