1858 3020
95 2835 110 2864 ἱ

527 207 666 259 mo
698 208 1015 258 mommo.
1049 190 1176 258 cir.
1199 214 1246 258 5.
1469 214 1563 261 155
1593 279 1599 292 Ι

216 346 407 402 spectat,
437 345 495 385 ut
520 337 576 386 ea
604 336 755 401 poena,
782 339 832 385 in
860 337 956 414 qne:
980 338 1134 387 adhuc
1162 338 1226 397 Q.
1250 339 1463 402 Ligarius
1484 340 1577 400 sit,-

214 418 306 450 non
341 401 595 450 videamini
628 419 723 450 esse
758 403 973 450 contenti.
1014 403 1155 461 -Quae
1177 412 1244 450 est
1275 403 1416 466 igitur
1452 405 1561 464 alia,

214 472 382 530 praet'er
418 471 658 515 mortem?
708 467 761 514 Si
789 467 913 514 enim
941 468 993 514 in
1023 467 1184 515 exsilio
1212 476 1295 525 est,
1326 469 1457 516 sicuti
1477 477 1561 528 est,

215 532 331 594 quid
368 531 573 594 amphus
606 532 847 606 postulatis
862 531 887 576 ἲ
929 547 1009 591 an,
1047 546 1108 579 ne
1142 532 1403 594 ignoscatur
1419 536 1444 580 ἓ
1476 532 1565 580 hoc

215 611 322 643 vero
343 596 495 642 multo
516 596 739 654 acerbius,
757 597 1000 658 multoque
1021 605 1088 644 est
1109 582 1284 643 durius.
1317 596 1460 655 Quod
1479 611 1566 643 nos

213 659 342 706 domi
352 660 574 723 petimus,
584 660 796 723 precibus
809 668 855 706 et
865 660 1096 723 lacrymis,
1108 660 1321 723 prostrati
1337 660 1396 707 ad
1409 659 1565 734 pedes,

213 738 307 771 non
323 732 425 771 tam
448 732 614 771 nostrae
634 739 782 772 eeusae
801 723 1009 782 fidentes,
1029 740 1171 788 quam
1193 725 1334 787 hujus
1349 724 1568 772 humani-

213 788 316 846 tati,
349 788 404 836 id
436 803 496 836 ne
530 788 849 852 impetremus
885 790 1117 852 pugnabis
1135 792 1159 836 Ρ
1193 799 1239 837 et
1271 789 1321 836 ιιι
1356 801 1567 836 nostrum

214 852 380 901 fletum
401 851 664 916 irrumpes?
697 862 743 900 et
771 868 873 914 nos,
895 854 1097 915 jacentes
1126 853 1186 902 ad
1209 854 1366 916 pedes,
1389 852 1573 916 suppli-

217 930 327 964 cum
348 932 460 964 voce
480 918 743 980 prohibebis
758 917 782 962 ?

279 980 351 1039 Si,
373 995 482 1028 cum
505 981 595 1028 hoc
614 981 740 1029 domi
759 981 1030 1041 faceremus,
1053 981 1179 1045 quod
1201 991 1246 1029 et
1265 981 1477 1058 fecimus,
1500 989 1579 1041 et,v

216 1052 272 1092 ut
291 1060 447 1108 spero,
469 1060 564 1093 non
601 1045 774 1093 fmstra
797 1045 1007 1105 fecimus,
1031 1056 1084 1094 tu
1111 1045 1388 1109 derepente
1372 1045 1569 1108 irrupis-

215 1124 303 1169 ses,
328 1110 890 1173 etclamareeoepisses,‘
894 1111 982 1159 ‘.C
1008 1112 1178 1169 Caesar,
1195 1111 1563 1173 eeveignoscas3

216 1188 344 1232 esve,
367 1182 415 1221 te
434 1173 650 1234 fratrum,
669 1189 754 1237 pro
773 1175 927 1222 fratris
945 1175 1091 1222 salute
1103 1175 1456 1231 obsecrantium,
1473 1175 1569 1222 mi·

215 1247 419 1286 meatur
432 1238 486 1295 3”
531 1253 686 1286 nonne
722 1254 907 1287 omnem
950 1239 1286 1286 humanitatem
1323 1239 1525 1287 exuisses
1539 1242 1563 1288 ι’

219 1301 411 1360 Quanto
431 1303 522 1350 hoc
542 1303 719 1363 durius,
744 1303 869 1378 quod
890 1318 975 1351 nos
996 1303 1124 1350 domi
1149 1304 1368 1366 petimus,
1398 1303 1448 1349 id
1469 1319 1498 1351 a
1517 1312 1577 1352 ιε

217 1365 268 1412 ιιι
286 1366 388 1414 foro
407 1368 670 1430 oppugnari
688 1368 702 1414 l
728 1377 790 1425 et,
806 1368 855 1414 in
869 1368 955 1415 tali
968 1367 1150 1415 miseria
1167 1368 1441 1427 multorum,
1459 1383 1564 1431 per-

215 1428 400 1492 fugium
420 1431 743 1480 misericordiae
763 1432 957 1479 tollere!

279 1495 455 1544 Dicam
481 1496 637 1559 plane,
662 1496 748 1545 Cui
779 1497 950 1554 Caesar,
973 1496 1099 1561 quod
1121 1496 1278 1546 sentio.
1313 1497 1418 1558 Si,
1403 1512 1453 1545 m
1472 1497 1565 1547 hac

213 1560 345 1607 tanta
373 1561 458 1607 tua
483 1560 687 1621 fortuna,
714 1561 879 1609 lenitas
907 1569 1036 1609 tanta
1060 1576 1154 1610 non
1183 1569 1317 1620 esset,
1336 1571 1558 1626 quantam

212 1633 268 1674 tu
299 1639 384 1686 per
409 1633 474 1683 te,
501 1641 586 1687 per
615 1632 677 1684 te,
703 1626 914 1689 inquam,
945 1627 1138 1686 obtines,
1170 1626 1412 1702 (intelligo,
1443 1627 1560 1691 quid

211 1687 400 1750 loquar)
427 1658 728 1737 acerbissimo
762 1691 893 1738 luctu
924 1691 1202 1738 redundaret
1233 1692 1320 1739 ista
1354 1692 1557 1740 victoria.

214 1751 380 1810 Quam
393 1754 529 1801 multi
549 1754 676 1804 euim
697 1763 847 1802 essent
866 1753 924 1801 de
946 1755 1205 1814 victoribus,
1227 1756 1310 1818 qui
1331 1765 1376 1804 te
1397 1756 1561 1803 crude-

209 1816 318 1865 lem
348 1818 656 1877 essevellent,
686 1834 796 1866 cum
822 1818 963 1865 etiam
991 1818 1049 1866 de
1076 1819 1207 1867 victis
1240 1820 1553 1895 reperiantur!

209 1895 359 1944 quam
384 1883 542 1941 multi,
572 1882 673 1945 qui,
697 1898 804 1930 cum
835 1899 865 1930 a
893 1892 941 1930 te
964 1884 1139 1931 nemini
1170 1884 1343 1947 ignosci
1367 1885 1555 1943 vellent,

205 1945 492 2008 impedirent
516 1947 807 1996 clementiam
837 1955 993 2006 tuam,
1009 1964 1117 1996 cum
1144 1949 1283 1996 etiam
1311 1949 1362 2007 ii,
1387 1949 1567 2011 quibus

205 2010 310 2073 ipse
329 2010 583 2073 ignovisti,
577 2011 734 2059 nolint
753 2021 799 2060 te
811 2012 869 2059 ιιι
890 2013 1002 2060 alios
1023 2028 1121 2061 esse
1141 1982 1511 2060 misericordem!

276 2074 424 2133 Quod
445 2075 485 2121 si
501 2077 693 2141 probare
710 2076 879 2124 Caesari
891 2093 1144 2140 possemus,
1161 2078 1211 2123 in
1228 2075 1393 2124 Africa
1416 2075 1575 2136 Ligu--

201 2138 340 2186 rium
341 2140 533 2192 omnino
546 2132 869 2197 nonfuisse3s1
853 2140 1069 2190 honesto
1077 2150 1123 2188 et
1135 2139 1415 2188 misericordi
1426 2149 1559 2184 men-

202 2202 342 2250 dacio
355 2203 493 2251 saluti
505 2204 617 2251 civis
637 2205 890 2253 calamitosi
910 2207 1173 2255 consultum
1191 2219 1287 2251 esse
1300 2201 1524 2249 vellemus
1537 2217 1556 2257 3

201 2275 368 2314 umen
389 2268 590 2315 hominis
611 2283 705 2316 non
726 2279 857 2329 esset,
872 2270 921 2317 in
945 2278 1074 2317 tanto
1090 2266 1351 2315 discrimine
1371 2274 1418 2312 et
1437 2265 1561 2327 peri-
1615 2281 1622 2290 ·

203 2331 315 2378 culo
327 2331 457 2390 civis,
471 2332 676 2380 refellere
687 2342 989 2410 etcoarguere
1006 2341 1215 2380 nostrum
1229 2328 1559 2377 mendacium.
1570 2359 1573 2368 ·

201 2403 271 2454 et,
293 2395 335 2443 si
358 2404 475 2443 esset
489 2396 704 2458 alicujuS,
718 2400 817 2459 ejus
838 2406 958 2445 certe
972 2411 1067 2444 non
1088 2403 1219 2453 esset,
1236 2393 1381 2457 quiin
1395 2392 1561 2442 eedem

203 2458 349 2508 eausa
370 2468 417 2507 et
435 2460 625 2508 fortuna
652 2462 826 2511 fuisset.
872 2461 964 2509 Sed
985 2469 1143 2508 tamen
1165 2459 1293 2506 aliud
1313 2466 1382 2506 est
1409 2473 1563 2507 errare

202 2523 444 2571 Caesarem
476 2526 616 2584 nolle,
648 2526 782 2573 aliud·
804 2526 929 2575 nolle
960 2523 1176 2572 misereri.
1211 2523 1342 2571 Tum
1367 2523 1562 2583 diceres,

204 2588 408 2646 ‘.‘Cave‚
427 2588 599 2648 Caesar,
622 2590 809 2637 credas.
843 2590 969 2637 fuit·
955 2604 1005 2636 m
1025 2588 1190 2637 Africa
1211 2588 1456 2662 Ligarius.
1480 2597 1557 2635 tu-

200 2624 264 2697 lit
283 2666 416 2699 anna
438 2662 596 2701 contra
618 2654 717 2701 te.¹·’
737 2654 881 2701 Nunc
900 2654 1017 2716 quid
1037 2652 1186 2701 dicis?
1213 2652 1417 2701 “Cave
1403 2664 1561 2712 ignos-
1570 2675 1575 2680 -

201 2715 333 2779 αἶ’
369 2716 600 2767 Haecnec
628 2717 847 2777 luminis,
878 2716 1323 2780 necadhsmmem,
1346 2720 1576 2770 νωιζεθει·
