1858 3020
511 193 650 243 PRO
681 193 979 244 MILONE.
1013 195 1140 244 Car·
1438 225 1444 231 κ
1469 197 1536 244 85

199 322 240 371 si
258 323 307 371 id
330 320 652 381 memineritis,
705 322 800 371 uod
830 322 1039 372 oblivisci
1070 337 1163 372 non
1186 322 1391 386 potestis,
1420 323 1533 372 insi-

199 387 459 435 diatorem
439 402 546 448 Jure
566 386 615 433 in
716 388 757 434 ci
777 402 922 450 posse.

261 452 322 499 V.
358 451 581 525 Sequitur
599 451 783 514 illud,q
784 451 877 498 uod
895 469 924 499 a
947 450 1175 497 Milonis·
1161 451 1355 499 mimicis
1375 452 1529 515 saepis-

197 516 310 564 sime
331 514 517 573 dicitur,
543 515 745 574 Caedem,
768 515 818 562 in
839 516 935 579 qua
961 515 1017 561 Ρ.
1042 514 1233 562 Clodius
1252 515 1423 563 occisus
1442 525 1528 576 est,

198 590 413 628 amatum
430 548 675 639 Judicasse,
698 587 855 626 contra
874 579 1207 654 rempublicam
1230 594 1325 626 me
1344 580 1526 627 factam.

199 644 341 691 Illam
376 657 484 690 vero
517 651 700 690 senatus
728 657 821 690 non
856 643 1090 691 sententiis
1118 643 1215 690 suis
1248 643 1413 701 solum,
1450 644 1528 692 sed

198 708 338 755 etiam
374 706 556 765 studiis,
592 708 916 770 comprobavit.
960 708 1155 767 Quoties
1188 722 1314 766 enim
1348 715 1415 755 est
1448 708 1530 754 illa

197 787 335 819 causa
363 787 394 818 a
414 770 548 818 nobis
569 780 670 818 acta
696 771 747 817 in
773 781 929 820 senatu
950 772 963 818 Ξ
999 772 1168 835 quibus
1196 772 1530 820 assensionibus

196 835 401 884 universi
434 835 640 885 ordinis!
684 850 831 899 quam
863 851 949 884 nec
982 836 1146 894 moitis,
1184 851 1269 885 nec
1305 836 1524 884 occultis!
1591 839 1605 852 ⁰

196 899 404 958 Quando
437 899 580 957 enim,
613 899 991 975 frequentissimo
1008 909 1187 956 senatu,
1215 907 1430 964 quatuor,
1469 900 1530 948 ad

197 978 440 1011 summum
461 964 682 1027 quinque,
699 972 809 1010 sunt
820 964 1061 1028 inventi‚q
1061 964 1122 1011 ui
1113 964 1321 1013 Milonis
1342 979 1527 1012 causam

195 1042 291 1076 non
325 1029 573 1090 probarent
586 1030 608 1074 Ρ
656 1027 906 1077 Declarant
945 1029 1085 1090 hujus
1117 1029 1320 1077 ambusti
1352 1028 1528 1077 tribuni

196 1093 347 1156 plebis
380 1091 474 1139 111ae
506 1092 817 1140 intermortuae
842 1093 1095 1152 conciones,
1128 1093 1297 1156 quibus
1323 1094 1528 1157 quotidie

195 1172 350 1204 meam
371 1155 624 1219 potentiam
647 1156 869 1204 invidiose
892 1156 1233 1231 criminabatur,
1263 1173 1371 1206 cum
1404 1158 1529 1206 dice-

196 1230 283 1279 ret,
304 1228 534 1279 senatum,
566 1233 658 1268 non
687 1219 813 1283 quod
840 1220 1040 1279 sentiret,
1063 1220 1142 1269 sed
1170 1220 1295 1284 quod
1320 1237 1406 1284 ego
1431 1222 1527 1270 vel-

193 1285 306 1344 lem,
328 1285 580 1332 decernere.
615 1285 736 1343 Quae
766 1284 1017 1349 quidemsi
1045 1286 1336 1348 potentiaest
1368 1286 1530 1360 appel·

193 1319 336 1397 landa
353 1349 525 1412 potius,
548 1364 707 1411 quam,
729 1357 916 1412 propter
934 1364 1106 1424 magna
1124 1349 1173 1395 in
1195 1348 1527 1424 rempublicam

197 1413 376 1471 merita,
412 1412 650 1460 mediocris
690 1413 755 1460 in
782 1413 914 1461 bonis
953 1413 1098 1462 causis
1130 1413 1391 1470 auctoritas,
1427 1421 1541 1472 aut,

194 1486 382 1542 propter
402 1476 486 1525 hos
518 1476 737 1526 officiosos
764 1477 942 1526 labores
968 1492 1111 1538 meos,
1143 1478 1368 1526 nonnulla
1400 1478 1526 1543 apud

193 1545 338 1591 bonos
358 1541 537 1605 9363,
571 1543 826 1605 appelletur
853 1542 920 1589 ita
941 1558 1067 1600 sane,
1095 1543 1349 1591 dummodo
1368 1542 1422 1591 ei
1441 1558 1526 1592 nos

194 1616 384 1655 utamur
403 1622 488 1670 pro
509 1606 655 1654 salute
674 1610 917 1655 bonorum
921 1617 1080 1656 contra
1102 1608 1349 1656 amentiam
1370 1607 1523 1671 perdi-

262 1734 401 1782 Hanc
418 1750 526 1784 vero
551 1711 868 1798 quaestionem,
891 1736 976 1783 etsi
996 1749 1089 1783 non
1116 1745 1185 1784 est
1202 1737 1379 1811 iniqua,
1401 1750 1525 1782 nnn-

195 1813 341 1863 quam
369 1806 521 1846 tamen
550 1810 749 1848 senatus
758 1799 1121 1847 constituendam
1146 1809 1339 1864 putavit.
1373 1800 1526 1848 Erant

193 1864 320 1911 enim
340 1864 478 1925 leges,
502 1873 632 1911 erant
650 1864 937 1927 quaestiones,
960 1865 1033 1912 vel
1045 1864 1103 1912 de
1121 1865 1258 1924 caede,
1276 1865 1349 1912 vel
1365 1864 1424 1912 de
1443 1864 1521 1912 vi.

191 1942 277 1976 nec
307 1935 490 1975 tannim
529 1943 768 1976 moerorem
796 1943 850 1976 ac
881 1928 1061 1977 luctum
1095 1930 1271 1977 senatui
1304 1944 1432 1977 mors
1465 1929 1522 1977 P.

195 1991 349 2039 Clodii
368 1990 600 2051 afferebat,
615 2001 670 2040 ut
685 2007 804 2041 nova
819 1994 1015 2057 questio
1030 1994 1391 2042 constitueretur.
1428 1992 1527 2039 Cu

186 2056 267 2116 jus
287 2054 417 2103 enim
436 2055 493 2103 de
512 2056 593 2104 illo
612 2057 782 2105 incesto
802 2067 978 2121 stupro,
1005 2057 1232 2135 judicium
1252 2053 1526 2105 decernendi

193 2119 374 2167 senami
398 2129 592 2182 potestas
620 2130 737 2169 esset
764 2130 947 2186 erepta,
981 2122 1039 2170 de
1064 2138 1163 2183 eJus
1191 2120 1397 2175 interim,
1421 2118 1528 2180 quis

191 2192 343 2295 potat
364 2183 556 2245 credere,
574 2194 784 2233 senatum
801 2186 1029 2247 judicium
1050 2200 1225 2234 novum
1246 2182 1527 2231 constituen-

224 2248 514 2311 amputasse
532 2253 554 2297 ?
587 2248 686 2298 Cur
710 2250 852 2314 igitur
875 2250 1140 2299 incendium
1168 2247 1323 2304 curie,
1345 2259 1527 2307 oppug-

156 2312 429 2360 ·natione1n
465 2313 632 2361 sudium
671 2314 747 2362 M.
782 2314 968 2377 Lepidi,
1008 2279 1526 2372 caedemhancipsam‚

188 2385 350 2424 contu
377 2378 710 2441 rempublicam
741 2388 926 2427 senatus
957 2379 1128 2434 factam
1156 2390 1254 2422 esse
1286 2373 1484 2421 decrevit
1502 2376 1525 2423 ἓ

188 2440 305 2502 quia
325 2440 455 2488 nulla
475 2442 542 2490 vis
561 2458 772 2506 unquam
794 2452 863 2491 est
881 2442 933 2489 in
952 2441 1098 2490 libers
1118 2439 1299 2488 civitate
1320 2447 1530 2515 suscepta

189 2503 309 2552 inter
330 2504 465 2564 cives,
500 2521 593 2555 non
615 2516 773 2555 contra
797 2505 1144 2569 rempublicam.
1177 2504 1228 2551 N
1230 2518 1289 2551 on
1311 2503 1436 2552 enim
1460 2512 1531 2552 est

190 2566 273 2631 illa
291 2568 496 2618 defensio
517 2580 674 2620 contra
695 2572 793 2619 vim
813 2584 1026 2645 unquam
1046 2567 1276 2632 optanda,
1310 2568 1390 2617 sed
1410 2583 1528 2615 non-

189 2626 433 2697 nunquam
466 2644 559 2683 est
569 2636 849 2684 necessaria·
882 2633 972 2681 nisi
1000 2649 1030 2681 v
1234 2633 1315 2681 ille
1342 2632 1457 2689 dies,
1478 2632 1530 2676 in

187 2698 383 2758 quo'l'i.
406 2698 919 2759 Gracchusestcoesus,
926 2696 1065 2745 aut
1104 2695 1533 2760 equocaiQaut

257 2763 443 2822 (Orat.)
466 2778 595 2812 vot..
620 2776 699 2811 w.
931 2810 936 2815 .

390 2899 429 2932 Ι
474 2905 497 2928 P
568 2935 587 2956 ι
