1858 3020
318 175 418 225 3⁰8
581 168 992 222 PHILIPPICA
1015 171 1166 221 vm.
1199 170 1326 220 CAP-
1351 171 1402 218 2.

320 300 523 348 Gravius
544 310 701 350 autem
730 302 990 349 tumultum
1019 316 1130 360 ωε,
1160 314 1304 363 quam
1323 299 1519 359 bellum,
1556 298 1670 350 hine
1760 307 1764 311 ·

317 365 516 428 intelligi
536 365 659 425 licet,
682 365 810 428 quod
835 366 958 414 bello
979 364 1233 414 vacationes
1253 364 1425 423 valent,
1455 365 1669 411 tumultu

322 444 417 478 non
452 430 622 478 valent.
670 429 748 477 Ita
784 429 856 491 fit,
894 428 1310 494 (quemadmodum
1339 427 1458 486 dixi)
1492 437 1548 475 ut
1568 429 1671 476 bel-

316 494 421 542 lum
460 493 560 542 sine
597 494 809 545 tumultu
840 494 1007 558 pooeit,
1042 491 1273 543 tumulms
1303 491 1400 540 sine
1425 492 1551 540 bello
1572 499 1671 540 esse

320 573 416 606 non
449 558 606 622 possit.
640 558 849 617 Etenim,
885 574 1012 619 cum,
1053 559 1175 606 inter
1205 557 1384 605 bellum
1412 565 1460 604 et
1484 571 1668 620 pacem,

319 622 529 671 medium
545 622 663 670 nihil
683 622 772 679 sitg
807 637 989 671 neonae
1000 631 1087 681 est,
1100 622 1377 680 tumultum,
1393 621 1432 668 si
1446 621 1559 668 belli
1572 635 1671 668 non

318 686 400 746 sit,
424 687 547 761 pacis
568 702 691 743 esse;
761 703 822 734 uo
846 687 964 751 quid
989 686 1235 752 absurdius
1263 685 1354 732 dici
1388 694 1473 732 aut
1507 685 1671 733 existi·

320 766 439 799 man
459 750 641 814 potest?
675 752 709 798 S
780 751 917 799 nimis
936 752 1087 807 multa
1108 751 1165 797 de
1188 751 1325 798 verbo
1340 766 1355 796 ε
1390 764 1493 796 rem
1512 750 1673 813 potius

317 814 574 874 videamus,
597 823 749 878 patres
770 815 1031 879 conscripti,
1061 829 1205 878 quam
1234 813 1426 878 quidem
1459 813 1672 876 intelligo

321 881 462 926 verbo
482 879 581 927 fieri
602 879 836 926 interdum
858 880 1130 927 deteriorem
1153 878 1309 926 solere.

384 942 455 990 11.
508 943 746 990 Nolumus
782 943 871 991 hoc
903 944 1084 991 bellum
1122 943 1280 990 videri.
1328 941 1491 1004 Quam
1525 942 1670 1018 igifflss'

317 1007 582 1071 municipiis
615 1017 660 1055 et
688 1008 892 1068 coloniis,
929 1008 991 1055 ad
1022 1006 1363 1055 excludendum
1383 1007 1669 1073 Anwnlum,
1742 1036 1751 1049 ,

316 1071 638 1119 auctoritatem
659 1072 861 1119 damus?
892 1087 1055 1136 quam,
1079 1079 1134 1119 ut
1154 1071 1324 1118 milites
1346 1071 1462 1118 fiant
1483 1070 1582 1118 sine
1604 1071 1667 1131 vi,

313 1135 413 1183 sine
445 1135 611 1193 multis,
636 1136 787 1185 studio
809 1145 855 1184 et
875 1137 1111 1183 voluntate
1125 1135 1148 1180 ?
1182 1151 1344 1200 quam,
1372 1143 1428 1182 ut
1446 1135 1667 1210 pecunias

316 1198 368 1247 in
389 1200 722 1263 rempublicam
743 1200 1078 1276 polliceantur?
1113 1199 1163 1248 Si
1195 1200 1319 1247 enim
1346 1200 1463 1247 belh
1494 1212 1667 1248 nomen

317 1263 511 1323 tollitur,
544 1264 902 1329 municipiorum
938 1265 1090 1312 studia
1124 1265 1382 1312 tolluntur:
1419 1277 1670 1312 consensus

356 1329 482 1392 opuli
506 1329 725 1387 Romani,
750 1329 833 1392 qui
849 1331 952 1391 jam
973 1328 1205 1376 descendit
1224 1329 1275 1376 in
1297 1343 1503 1387 causam,
1528 1328 1569 1376 si
1584 1342 1667 1375 nos

317 1343 672 1456 Enguescimus,
682 1393 960 1452 debilitetur,
972 1401 1244 1443 necesseest.
1267 1392 1360 1441 Sed
1373 1393 1490 1456 quid
1502 1392 1668 1455 plura?

320 1454 386 1502 D.
424 1457 602 1504 Brutus
628 1466 954 1521 oppugnatum
993 1473 1086 1505 non
1122 1466 1188 1505 est
1220 1456 1437 1505 bellum?
1474 1456 1667 1504 Mutina

316 1520 552 1567 obsidetur
565 1538 580 1567 ε
615 1536 674 1568 ne
694 1522 781 1569 hoc
801 1522 992 1586 quidem
1013 1523 1190 1571 bellum
1212 1523 1310 1570 est?
1345 1522 1505 1569 Gallia
1520 1530 1670 1569 vasta·-

317 1590 423 1630 tur:
460 1600 565 1647 quae
580 1592 730 1648 potest
743 1601 837 1647 pax
854 1602 951 1635 esse
967 1588 1127 1635 certior
1137 1586 1160 1631 ἶ*
1195 1586 1325 1634 Illud
1342 1602 1448 1634 vero
1466 1587 1571 1650 quis
1584 1600 1670 1650 po-

317 1655 408 1695 test
426 1648 604 1695 bellum
626 1648 927 1699 esse-dicere?
978 1652 1245 1710 Consulem,
1273 1651 1580 1699 fortissimum
1601 1651 1670 1698 vi-

318 1727 443 1771 rum,
458 1727 567 1759 cum
588 1713 790 1761 exercitu
803 1715 1016 1763 misimus
1032 1732 1048 1772 ς
1083 1716 1182 1779 qui,
1200 1730 1308 1763 cum
1324 1724 1443 1763 esset
1457 1715 1670 1763 infirmus

316 1791 381 1823 ex
401 1777 530 1840 gravi
550 1777 862 1843 diuturnoque
883 1782 1062 1840 morbo,
1078 1780 1258 1827 nullam
1280 1779 1369 1827 sibi
1389 1780 1574 1843 putavit
1593 1794 1672 1828 ex·

321 1841 606 1888 cusationem
627 1857 725 1890 esse
747 1852 971 1907 oportere,
1006 1860 1115 1893 cum
1134 1844 1197 1891 ad
1217 1844 1483 1908 reipublicae
1517 1844 1672 1909 praesi-

317 1903 454 1952 dium
490 1915 739 1955 vocaretur.
788 1907 843 1955 C.
872 1909 1065 1972 quidem
1095 1908 1250 1956 Caesar
1275 1923 1370 1957 non
1392 1908 1671 1973 exspectavit

319 1971 477 2017 nostra
497 1970 692 2029 decreta,
710 1973 965 2036 praesertim
981 1989 1090 2021 cum
1113 1981 1228 2022 esset
1246 1972 1366 2020 illud
1379 1974 1551 2023 aetatis:
1572 1973 1673 2022 bel-

319 2032 423 2081 lum
445 2044 602 2083 contra
622 2037 889 2085 Antonium
924 2037 1012 2090 sua
1041 2047 1203 2101 sponte
1237 2037 1450 2101 suscepit.
1500 2038 1670 2088 Decer-

320 2099 461 2147 nendi
482 2101 608 2148 enim
629 2108 814 2164 tempus
831 2102 1042 2149 nondum
1059 2110 1184 2149 erat:
1209 2102 1320 2150 belli
1335 2111 1497 2150 autem
1510 2114 1677 2166 geren-

317 2162 371 2210 di
401 2172 585 2229 tempus
606 2165 646 2212 si
667 2165 1059 2229 praetermisisset;
1095 2166 1296 2226 videbat,
1327 2167 1567 2230 republica
1588 2183 1672 2232 op-

319 2230 496 2291 pressa,
519 2229 639 2277 nihil
658 2244 789 2293 posse
810 2229 1006 2277 decerni.
1040 2231 1171 2293 Ergo
1191 2231 1263 2278 illi
1283 2245 1426 2289 nunc,
1451 2240 1499 2279 et
1512 2245 1671 2279 eorum

319 2295 566 2353 exercitus,
590 2294 639 2341 in
661 2310 774 2357 pace
795 2304 1059 2343 versantur:
1095 2303 1201 2344 non·
1214 2303 1282 2344 est
1296 2295 1441 2343 hostis
1462 2294 1520 2356 is,
1537 2298 1672 2358 cujus

321 2358 589 2418 praesidium
625 2357 843 2406 Claterna
864 2358 1028 2419 dejecit
1050 2358 1234 2407 Hirtius
1250 2378 1267 2408 z
1300 2375 1397 2407 non
1419 2369 1491 2408 est
1511 2361 1671 2421 hosti-1,

322 2420 406 2479 qui
433 2420 609 2469 consuli
639 2431 845 2470 amatus
877 2423 1072 2482 obsistit,
1106 2423 1403 2487 designatum
1435 2426 1674 2476 consulem

312 2481 589 2543 'oppugnata
626 2500 711 2532 nec
732 2486 815 2532 illa
835 2486 1021 2535 hostilia
1053 2490 1211 2548 verba,
1242 2504 1328 2535 nec
1358 2489 1545 2549 bellica,
1599 2503 1677 2538 uae

319 2542 461 2613 paulo
482 2555 591 2618 ante
612 2563 670 2593 ex
692 2549 880 2611 couegae
899 2551 1042 2598 literis
1065 2551 1219 2605 Pansa
1239 2551 1476 2600 recitavit:
1515 2557 1551 2597 ‘5
1568 2506 1676 2602 lje-

312 2612 406 2677 190¹
430 2607 696 2680 prandium
711 2629 725 2657 z
763 2611 979 2661 Claterna
999 2614 1173 2679 potitus
1196 2631 1330 2663 sum=
1367 2617 1521 2680 fugati
1542 2615 1677 2683 equi-

129 2719 272 2746 --—-—⁷„
319 2671 417 2711 tw:
440 2670 655 2729 proehum
671 2676 999 2727 commissum:
1025 2679 1158 2728 occisi
1175 2680 1404 2743 aliquot.”
1434 2680 1564 2742 Qum
1577 2693 1675 2746 pax
