1858 3020
86 2701 261 2731 *-

287 172 351 219 24
608 169 747 218 PRO
780 168 1034 219 BALBO
1068 168 1198 216 CAP-
1228 170 1308 216 25.

285 295 479 345 licebit?
512 295 597 343 An
629 297 879 346 accusatori
913 298 1109 359 majores
1133 297 1278 346 nostri
1304 298 1483 360 mnjm
1507 313 1628 403 prn-

456 376 567 409 uam
587 361 811 421 bellatori,
833 378 929 413 esse
951 363 1194 411 voluerunt
1207 362 1231 407 ⁴?

287 360 546 473 πυλών
580 425 724 485 Quod
743 427 798 485 si,
821 426 1111 474 acerbissima
1139 427 1241 500 lege
1262 425 1472 486 Servilia,

274 505 329 541 ,σι
329 489 532 553 Ρωνίιί,
555 505 608 538 ac
636 490 892 553 gravissimi
921 499 968 538 et
992 490 1314 565 sapientissimi
1345 490 1480 550 cives,

287 505 485 613 Latinis,
508 554 558 600 id
579 564 662 614 est,
689 555 934 615 findet-atis,
966 554 1091 602 viam
1114 555 1176 602 ad
1200 555 1430 604 civitatem
1462 557 1626 619 populi

274 619 415 679 jussu
437 627 592 693 patere
612 619 733 681 passi
754 628 895 675 sunt3
918 632 1081 699 neque
1101 619 1151 666 in
1185 618 1258 666 his
1278 627 1347 667 est
1365 619 1455 667 hoc
1461 634 1628 695 ‘repre-

284 681 483 730 hensum
505 682 688 730 Licinia
710 692 756 730 et
781 683 947 731 Mucia
974 683 1092 745 lege,
1116 686 1245 737 (cum
1273 683 1524 746 praesertim
1546 700 1629 747 ge-

274 762 377 801 nus
391 748 544 811 ipsum
559 747 855 795 accusationis
870 755 916 794 et
927 761 1114 806 nomen,
1121 746 1365 808 -ejusmodi
1378 748 1627 810 praemium

276 812 413 875 vquod
434 827 570 860 nemo
597 812 781 875 assequi
808 819 960 875 posset
988 811 1077 858 nisi
1105 826 1163 858 ex
1190 811 1408 858 senatoris
1436 812 1627 860 calani-

286 884 397 934 tate‚
420 891 571 940 neque
599 876 794 924 senatori
813 890 964 938 neque
989 877 1110 924 bono
1138 875 1358 938 cuiquam
1378 875 1516 922 nimis
1546 878 1630 937 Ju-

287 940 493 988 cundum
528 956 623 988 esse
656 948 857 1014 posset„
891 939 1201 988 dubitandum
1228 940 1337 998 fuit,
1373 939 1518 1017 quin,
1533 955 1631 1003 quo

287 1004 337 1052 in
372 1020 536 1067 genere
566 1003 779 1064 judicum
812 1004 1005 1066 praemia
1037 1012 1136 1051 rata
1178 1012 1344 1062 essent,
1378 1017 1428 1050 ιιι
1462 1003 1628 1052 eo'dem

281 1067 458 1129 judicia
488 1068 817 1130 imperatorum
846 1068 1088 1115 valerent?
1122 1068 1258 1115 Num
1290 1066 1457 1114 fundos
1486 1076 1633 1195 Ἐφ’

274 1132 426 1184 ,factos
446 1133 641 1196 populos
668 1131 860 1179 Latinos
889 1130 1167 1180 arbitramur
1187 1142 1269 1180 aut
1288 1131 1481 1180 Servilia

284 1205 367 1243 aut
387 1197 574 1256 caeteris,
598 1195 784 1259 quibus,
809 1196 990 1245 Latinis
1011 1196 1277 1244 hominibus
1298 1204 1394 1244 erat
1415 1197 1627 1260 proposi-

286 1270 390 1308 tum
412 1261 570 1325 aliqua
585 1277 645 1309 ex
665 1277 715 1309 re
735 1260 982 1324 praemium
1004 1260 1238 1309 civitatis?

353 1326 624 1389 cognoscite
655 1339 780 1373 nunc
804 1325 1035 1387 judicium
1064 1327 1264 1385 senatos,
1292 1325 1416 1388 quod
1450 1338 1632 1402 suuper

289 1400 357 1439 est
373 1390 548 1452 judicio
572 1389 735 1452 populi
763 1391 1128 1452 comprobatum.
1162 1389 1301 1437 Sacra
1325 1388 1519 1448 Cereris,
1546 1391 1630 1451 ju-

285 1454 424 1513 ᾱίοεε,
455 1454 642 1502 summa
670 1454 866 1515 majores
896 1453 1040 1502 nostri
1068 1453 1286 1517 religione
1313 1452 1472 1502 confici
1500 1454 1632 1501 σει-ἰ.

286 1519 537 1598 moniaque
571 1519 843 1565 voluerunt.
880 1534 987 1581 quae
1017 1534 1125 1566 cum
1158 1527 1305 1567 essent
1334 1528 1538 1567 assumta
1571 1518 1632 1567 de

290 1580 485 1641 Graecia,
505 1592 551 1630 et
565 1596 648 1644 per
670 1581 854 1630 Graecas
867 1598 1050 1646 semper
1062 1591 1220 1631 curata
1234 1592 1343 1630 sunt
1358 1582 1627 1644 sacerdotes,

288 1655 334 1695 et
374 1646 536 1694 Graeca
573 1645 730 1693 omnia
763 1647 1014 1695 nominata.
1049 1647 1158 1706 Sed,
1196 1662 1303 1694 cum
1337 1646 1485 1704 illam,
1521 1663 1631 1711 quae

290 1711 507 1759 Graecum
520 1710 639 1758 illud
661 1727 841 1759 sacrum
858 1720 1130 1760 monstraret
1152 1710 1393 1771 etse-cera,
1415 1726 1474 1759 ex
1496 1711 1632 1759 Grae-

288 1776 361 1826 cia
379 1774 663 1838 deligerent,
698 1785 852 1823 tamen
875 1791 1004 1823 sacra
1017 1791 1102 1839 pro
1123 1775 1298 1822 civibus
1314 1776 1456 1823 civem
1480 1775 1630 1824 facere

289 1839 552 1897 voluerunt,
597 1847 652 1886 ut
689 1838 815 1889 Deos
851 1840 1135 1888 immortales
1164 1837 1352 1887 seientia
1389 1841 1635 1902 peregrini

291 1914 338 1953 et
373 1904 579 1964 externa,
618 1913 773 1952 mente
809 1903 1061 1952 domestica
1096 1912 1143 1951 et
1179 1903 1318 1962 civili,
1354 1913 1631 1966 precaretur.
1723 1915 1728 1924 ‘

292 1969 396 2017 Has
418 1967 668 2017 sacerdotes
689 1968 821 2016 video
841 1968 936 2016 fere
964 1977 1045 2017 aut
1074 1968 1404 2030 Neapolitanas
1431 1976 1514 2016 aut
1534 1971 1636 2019 Ve-

291 2034 457 2081 lienses
490 2033 645 2091 fuisse,
686 2031 1008 2081 foederatarum
1060 2032 1157 2081 sine
1190 2032 1333 2079 dubio
1375 2031 1631 2083 civitatum.

293 2098 440 2146 Mitto
461 2106 614 2145 vetera
627 2114 641 2143 ε
676 2097 891 2162 proxima
910 2097 1013 2144 dico
1027 2115 1042 2144 ε
1077 2106 1183 2145 ante
1199 2096 1426 2143 civitatem
1444 2096 1636 2147 Velien-

294 2163 420 2212 sibus
441 2161 615 2222 datam,
638 2161 697 2208 de
717 2164 898 2210 senatos
919 2161 1142 2210 sententia
1163 2160 1474 2234 C3Valerium
1498 2161 1639 2213 Πω-

294 2224 1641 2366 Ξὲωόιῖὗῗέοέἷνῗιᾞᾚῗᾚῗκέὼᾞω

297 2356 469 2403 tulisse.
503 2356 640 2403 Num
660 2355 802 2429 igitur
823 2364 905 2402 aut
926 2355 1095 2402 ftmdos
1114 2353 1258 2402 factos
1279 2353 1531 2414 Velienses,
1555 2366 1643 2406 aut

296 2419 574 2468 sacerdotem
593 2420 725 2467 illam
744 2418 891 2467 civem
912 2418 1175 2466 Romanam
1206 2417 1376 2465 factam
1408 2430 1501 2465 non
1523 2435 1644 2482 esse,

300 2491 384 2530 aut
403 2481 549 2530 foedus
571 2492 617 2530 et
636 2498 666 2530 a
686 2492 847 2531 senatu
861 2491 906 2531 et
926 2499 956 2530 a
975 2483 1148 2547 populo
1164 2483 1379 2531 Romano
1395 2481 1641 2547 violatum,

300 2545 627 2595 arbitrabimur
646 2549 668 2593 ἓ

368 2609 533 2660 XXV.
567 2610 802 2681 lund-ligo,
828 2611 1024 2676 judices,
1058 2612 1109 2663 in
1134 2611 1278 2662 causa
1298 2610 1476 2676 aperta,
1497 2614 1643 2664 mini-
